3080 4652
701 351 743 416 51

215 527 340 593 defendi
363 532 478 612 potest,
502 526 558 592 sed
581 527 676 593 etiam
702 526 784 612 qnod
807 526 890 594 idem
915 528 954 592 ad
977 529 1108 594 verbum
1125 555 1231 613 περιε-

214 643 356 728 χόρησεν
379 644 490 709 referri
514 648 630 728 potest,
654 643 742 708 onius
766 664 843 709 usus
866 644 1010 730 exempla
1040 665 1103 711 non
1131 665 1233 731 panca

215 758 405 825 contulimus
429 777 481 842 pg.
499 760 541 824 38
559 779 606 842 sq.
638 756 847 824 Lnoidissime
872 779 945 824 vero
969 759 1068 825 dativi
1091 760 1200 826 localis
1208 759 1231 840 ι)

215 895 290 940 usus
314 881 447 960 apparet
469 874 519 940 his
541 875 634 940 loeis:
658 873 846 941 v11.14.2.
871 875 943 952 τοὺς
959 876 1177 962 Σπαρτιάτας,
1200 885 1235 944 ολ

216 997 368 1078 Κορίνθῳ
392 990 461 1057 τότε
483 992 595 1075 ἔτυχον
617 992 862 1077 ἐπιδημοῦντες,
897 991 951 1058 ubi
984 991 1117 1058 Zinkius
1146 993 1231 1058 solus

216 1107 482 1192 praepositionem
499 1109 535 1173 dr
551 1106 718 1172 desiderat.
765 1107 834 1172 VII.
852 1108 905 1173 21.
928 1112 954 1173 l.
982 1111 1024 1198 τῷ
1045 1110 1082 1174 δὲ
1096 1115 1232 1194 χθαμα-

216 1226 344 1311 λωτέρῳ
378 1223 568 1292 πεπόλισταί
591 1243 700 1310 σφισιν
722 1220 761 1290 οὗ
784 1222 915 1308 συνεχὴς
943 1223 962 1309 ἦ
989 1223 1081 1301 πόλις
1109 1225 1129 1289 i.
1148 1247 1174 1289 e.
1198 1225 1231 1290 in
1351 1219 1354 1226 ’

215 1339 359 1423 planiore
382 1339 456 1404 olivi
479 1344 569 1424 parte
592 1339 744 1425 oppidum
768 1338 928 1404 eonditum
953 1345 1011 1406 est.
1036 1339 1118 1405 VIII.
1136 1341 1188 1406 25.
1199 1343 1231 1406 6.

215 1459 259 1545 τῷ
281 1455 415 1522 Δόόωνι
438 1457 593 1542 όθελῆσαί
615 1475 717 1543 φασιν
732 1452 831 1540 αὐτὴν
847 1454 1034 1524 λοόσοισθατ
1051 1455 1107 1536 (so.
1122 1455 1232 1543 Δήμη-

216 1573 288 1657 τρα)
318 1579 351 1639 st
379 1579 452 1658 post
480 1592 613 1657 parvum
638 1574 775 1658 spatium
806 1571 992 1641 deridendos
1020 1577 1064 1661 τῷ
1080 1572 1232 1654 Adrum,-

215 1695 348 1773 utroque
382 1688 451 1753 loro
488 1687 664 1754 Glavierius
699 1708 864 1774 perperam
901 1689 996 1755 scribi
1030 1691 1066 1755 dv
1095 1688 1232 1756 Addam

217 1806 293 1869 vult.
351 1804 437 1871 Idem
474 1802 604 1870 offendit
641 1805 674 1870 in
707 1805 776 1870 looo
803 1803 857 1870 IX.
881 1807 934 1871 31.
958 1807 990 1871 6.
1025 1809 1080 1870 καὶ
1113 1802 1233 1872 αὐτόθι

216 1919 410 2006 ἀσεβήσασιν
433 1923 467 1998 ἐς
490 1922 682 1992 Ποσειδῶνα
705 1923 830 2003 ἐγένετο
860 1924 896 2014 τῇ
923 1923 1095 2004 Μολυκρίᾳ
1124 1928 1233 2008 σφίσιν

215 2035 235 2122 ἢ
258 2039 340 2124 δίκη,
364 2043 396 2103 et
418 2039 454 2104 ἒν
477 2044 551 2102 ante
574 2041 610 2130 τῇ
632 2045 680 2104 Μ.
704 2039 801 2104 inseri
831 2037 908 2103 vult.
952 2036 1062 2120 Neque
1085 2036 1233 2103 tolerabi-

216 2153 327 2218 liorem
362 2161 454 2239 putat
486 2154 628 2219 dativum
664 2152 778 2219 Faoius
813 2153 958 2220 111.3.4
986 2152 1021 2220 τό
1056 2155 1093 2219 δὲ
1127 2150 1234 2220 αὐτῶν

217 2271 477 2356 ἐγκαταλειφθὲν
503 2271 540 2362 τῇ
565 2270 606 2361 νῇ
633 2270 903 2353 Λακεδαιμονίων
931 2270 1078 2350 ἐγένοντο
1102 2272 1234 2346 οἰκέται,

217 2387 271 2452 ubi
294 2388 330 2452 br
345 2388 381 2479 τῇ
394 2388 434 2479 γῇ
457 2385 657 2452 scribendum
675 2405 743 2450 esse
759 2385 883 2450 oonioit.
917 2383 1100 2450 Siebelisius
1117 2391 1234 2467 autem,
1270 2435 1274 2445 ,

217 2523 310 2586 quern
335 2501 418 2569 SW.
444 2510 476 2568 et
498 2502 624 2569 Bekker
648 2503 748 2568 secuti
776 2509 865 2585 sunt,
894 2500 977 2566 VIII.
994 2503 1047 2567 26.
1066 2502 1097 2565 2.
1121 2501 1156 2576 ὃς
1179 2502 1235 2566 τόν

217 2619 349 2704 ὁπλίτην
365 2618 486 2703 δρόμον
502 2621 643 2704 ἐνίκησεν
651 2615 826 2703 Ὀλυμπίᾳ,
849 2624 921 2702 post
942 2620 1086 2702 ἐνίκησεν
1101 2618 1236 2681 inseruIt

217 2737 264 2801 ἐν.
310 2734 507 2818 Quamquam
531 2735 609 2799 haee
631 2734 812 2800 oonieotura
835 2753 872 2798 eo
895 2732 1021 2798 videtur
1043 2730 1234 2811 confirmari,

219 2852 301 2936 quod
324 2851 497 2916 Pausanias
514 2850 599 2916 nullo
616 2851 678 2916 alio
694 2827 932 2933 ΙοοοὈλομττίᾳ
949 2868 1006 2933 pro
1029 2844 1236 2932 λνὈλυμττίᾲ

219 2974 361 3052 usurpat,
385 2974 490 3033 tamen
515 2987 589 3032 num
615 2987 651 3032 ea
676 2987 750 3032 vera
774 2967 817 3031 sit
839 2965 956 3047 ambigi
981 2969 1096 3049 potest,
1121 2964 1237 3048 quiaa

218 3083 375 3149 Pausania
399 3083 508 3148 multis
530 3082 608 3149 Iocis
631 3089 667 3148 ut
682 3082 736 3148 VI.
752 3085 780 3148 1.
797 3084 825 3146 7.
843 3117 884 3128 -
907 3084 956 3147 12.
972 3081 1002 3146 8.
1020 3121 1063 3134 -
1084 3083 1134 3147 13.
1149 3083 1179 3146 8.
1192 3114 1237 3126 —·

222 3202 272 3264 14.
290 3202 320 3265 2.
339 3235 380 3244 -
400 3201 451 3265 15.
471 3203 499 3264 1.
534 3199 660 3266 dativus
696 3200 781 3266 solus
817 3205 929 3283 Νεμέᾳ
964 3218 1021 3283 pro
1050 3199 1086 3264 ίν
1113 3201 1236 3282 Νεμέα,

219 3317 293 3400 quin
319 3318 413 3384 etiam
438 3317 559 3382 duobus
583 3317 660 3382 Inois
685 3316 852 3382 adhibetur
876 3316 1000 3380 dativus
1016 3311 1155 3402 Ἰσθμῷε
1183 3310 1234 3377 VI.

221 3435 272 3498 14.
291 3434 321 3497 2.
352 3438 463 3517 Νεμέᾳ
493 3457 525 3496 τε
554 3435 609 3521 καί
628 3428 752 3522 Ἰσθμῷ
781 3436 813 3496 et
841 3429 894 3497 VI.
914 3429 965 3494 15.
985 3432 1013 3493 1.
1046 3434 1159 3495 Ποθοί
1183 3429 1238 3492 καὶ

220 3555 330 3634 Νεμέᾳ
353 3551 406 3614 καὶ
422 3544 556 3638 Ἰσθμῷ.

293 3814 313 3877 ι)
332 3809 430 3866 Utrum
450 3811 522 3867 huno
539 3825 620 3865 usum
633 3809 785 3864 Pausanias
804 3823 839 3864 ex
851 3809 971 3864 Homero
990 3806 1190 3876 deprompserit
1202 3819 1238 3859 an

220 3925 256 3964 ex
274 3909 333 3964 aliis
352 3910 450 3978 poetis,
470 3911 550 3964 huius
569 3908 621 3962 Ioei
641 3922 696 3963 non
715 3913 765 3962 est.

1037 3992 1075 4048 4rr
