3080 4652
359 557 403 618 gr.
421 557 468 618 gr.
484 537 560 602 522.
576 537 607 599 4.
626 555 654 600 a.
676 537 706 600 2.
737 555 829 599 usum
859 533 1068 619 copulationis
1097 540 1210 600 καί-
1227 539 1261 598 τί
1287 532 1371 617 apud

360 654 527 737 scriptores
550 653 673 717 Atticos
696 658 830 733 negant,
861 658 893 715 et
920 671 1030 716 revera
1057 650 1111 716 ubi
1139 650 1223 734 apud
1247 650 1370 714 Aristo-

360 769 506 854 phanem,
531 767 755 852 Thucydidem,
779 766 1020 851 Xenophontem
1045 766 1118 832 olim
1143 772 1256 832 καί-
1271 771 1305 831 τέ
1328 768 1370 830 le-

360 885 505 967 gebatur,
540 884 579 949 ab
613 884 785 948 editoribus
817 883 1042 948 recentioribus
1073 881 1227 968 particula
1257 887 1290 946 τέ
1318 885 1372 944 aut

360 1000 464 1066 deleta
492 1006 546 1064 aut
572 1006 695 1065 mutatu
723 1006 778 1063 aut
805 1019 874 1064 curu
911 998 1017 1083 aliqua
1044 997 1200 1084 particula
1228 997 1371 1080 sequenti

361 1116 536 1200 copulanda
566 1114 724 1199 explicata
752 1122 809 1180 est.
860 1114 949 1192 Quod
979 1135 1040 1199 quo
1066 1116 1133 1180 iure
1166 1114 1285 1179 factum
1321 1113 1372 1193 sit,

361 1233 419 1298 hoc
446 1232 514 1298 loco
542 1232 718 1296 accuratius
747 1232 929 1296 examinare
958 1230 1085 1313 longum
1117 1237 1179 1307 est;
1211 1229 1267 1294 sed
1296 1227 1372 1292 mihi

360 1368 435 1415 uum
459 1347 634 1413 Pausaniae
663 1348 820 1431 copulatio
849 1354 961 1413 καί-
977 1353 1028 1423 τέ,
1063 1366 1156 1429 quam
1189 1344 1374 1410 Siebelisius

360 1466 393 1530 in
417 1464 489 1530 adn.
514 1463 554 1527 ad
578 1463 599 1527 Ι.
618 1464 671 1528 24.
690 1466 719 1528 7.
738 1463 888 1548 exemplis
904 1463 1057 1528 dissolute
1081 1463 1205 1528 collatis
1221 1460 1373 1538 defendit,

361 1581 403 1646 sit
426 1579 637 1660 concedenda,
673 1578 886 1662 quaerendum
922 1587 979 1644 est.
1029 1579 1136 1661 Atque
1164 1598 1226 1642 non
1256 1595 1374 1663 paucos

360 1697 457 1779 locos,
479 1696 533 1761 ubi
556 1693 713 1778 particula
735 1701 769 1760 τέ
792 1695 921 1780 proprie
945 1695 1000 1759 sed
1016 1715 1073 1759 suo
1098 1695 1165 1759 iure
1181 1713 1200 1758 a
1216 1692 1372 1757 Pausania

360 1812 464 1897 posita
487 1818 546 1893 est,
569 1831 665 1895 supra
689 1810 895 1895 explicavisse
919 1811 995 1874 mihi
1021 1810 1138 1890 videor,
1161 1829 1245 1876 nunc
1266 1808 1373 1873 videa·

361 1948 448 2008 mus,
477 1926 552 2009 quid
581 1925 620 1990 de
649 1926 778 2009 reliquis
808 1926 847 1992 ab
878 1926 1052 1992 editoribus
1084 1946 1146 1990 nou
1177 1925 1371 2010 impugnatis

361 2042 562 2108 iudicandum
586 2043 637 2107 sit.

428 2157 553 2224 Primus
576 2158 663 2223 loeus
687 2163 735 2224 est
756 2157 796 2222 ll.
813 2161 866 2224 36.
882 2159 912 2224 2.
936 2157 1008 2242 ἱεροὶ
1031 2159 1067 2222 δὲ
1090 2161 1144 2221 καὶ
1167 2158 1200 2232 ἐς
1222 2155 1297 2222 τάδε
1319 2135 1372 2222 ἐπὶ

362 2275 469 2358 ἄκρων
491 2275 555 2340 τῶν
578 2271 675 2358 doeio,
697 2276 751 2339 ἐπὶ
773 2275 832 2357 μὲν
855 2276 897 2362 τῷ
917 2279 1080 2360 Κοκκυγίῳ
1100 2271 1189 2349 Διός,
1212 2275 1249 2338 ἒν
1272 2273 1308 2337 δὲ
1330 2274 1373 2358 τῷ

361 2396 475 2476 Πρωνί
501 2391 586 2456 ἐστιν
613 2388 727 2474 Ἥρας.
754 2393 808 2454 καὶ
835 2392 891 2456 τοῦ
921 2416 954 2454 τε
984 2395 1159 2468 Κοκκυγίου
1193 2387 1274 2471 πρὸς
1308 2401 1373 2463 τοῖς

361 2512 478 2589 πέρασι
499 2503 578 2581 ναός
606 2507 686 2582 ἐστι,
712 2502 817 2587 θύραι
843 2506 879 2569 δὲ
906 2502 963 2571 οὐκ
989 2504 1199 2589 ἐφεστήκασιν
1223 2539 1265 2550 -
1289 2508 1374 2570 alum

362 2624 398 2688 δὲ
420 2624 545 2701 ἐλέγετο
568 2619 680 2696 ὃυαὸς
703 2617 922 2697 Ἀπόλλωνος.
957 2620 1088 2686 Duobus
1110 2622 1208 2702 igitur
1230 2620 1371 2705 templis,

362 2758 441 2822 qnae
464 2738 497 2802 in
521 2738 652 2804 summis
676 2737 835 2802 montibus
863 2744 986 2820 extant,
1015 2738 1269 2802 commemoratis
1293 2735 1373 2800 Pau-

362 2856 466 2920 sanias
490 2856 617 2919 tertium
643 2853 748 2935 addit,
777 2854 859 2936 quod
890 2855 922 2918 in
952 2855 1016 2919 ima
1045 2855 1174 2920 alterius
1197 2860 1287 2938 parte
1315 2859 1373 2935 est,

361 2972 407 3034 ita
430 2977 464 3034 ut
487 2990 627 3035 summus
651 2990 742 3035 mous
765 2978 797 3035 et
820 2970 901 3034 imus
925 2971 985 3035 sibi
1010 2971 1074 3035 sint
1089 2971 1236 3055 oppositi.
1272 2969 1372 3047 Quam

362 3085 401 3150 ob
431 3103 497 3150 rem
531 3104 603 3149 eum
627 3085 783 3169 particula
806 3091 838 3149 τί
865 3086 904 3150 ad
934 3086 1066 3151 alteram
1094 3093 1277 3170 sequentem
1310 3105 1373 3149 non

361 3201 534 3286 pertineat,
570 3200 628 3266 hoc
660 3200 746 3282 loco,
781 3201 927 3266 etiamsi
963 3201 1120 3286 copulatio
1156 3208 1272 3267 καί-
1295 3207 1328 3266 τέ
1355 3221 1373 3266 a

361 3316 537 3382 Pausaniae
560 3316 698 3382 dictione
722 3315 824 3382 aliena
847 3337 910 3382 uon
926 3325 1019 3400 esset,
1043 3324 1150 3383 tamen
1165 3325 1250 3383 certe
1267 3318 1372 3402 aptius

362 3439 420 3498 καί
439 3467 482 3478 -
498 3434 539 3498 δέ
562 3452 618 3517 pro
641 3439 755 3500 καί-
770 3439 804 3498 τέ
826 3433 1026 3500 scribendum
1051 3453 1119 3498 esse
1142 3440 1297 3518 putarem.

428 3547 537 3632 Neque
564 3549 667 3613 miuus
696 3549 803 3632 inepte
832 3550 937 3633 posita
966 3548 1044 3614 mihi
1067 3549 1192 3614 videtur
1215 3549 1372 3634 copulatio

362 3672 415 3730 act
437 3701 478 3710 —
501 3670 533 3729 τί
567 3664 665 3729 altero
700 3664 768 3730 loco
800 3663 881 3729 Vlll.
899 3669 952 3730 51.
972 3668 1020 3748 3.,
1057 3685 1148 3748 quem
1185 3685 1277 3730 nemo
1313 3665 1373 3729 nisi

363 3779 546 3846 Submittius
561 3777 754 3865 (Philologus
771 3780 824 3846 lli.
842 3801 894 3866 pg.
907 3782 986 3862 478)
1003 3781 1212 3864 impugnavit.
1243 3779 1374 3864 Legitur

362 3897 459 3964 enimi
495 3903 692 3982 τριακοσίους
725 3898 785 3981 μὲν
818 3901 871 3982 τῆς
905 3897 1044 3974 στάσεως
1077 3897 1219 3982 μάλιστα
1253 3901 1373 3972 αἰτίους
