3080 4652
839 339 880 404 26

352 515 554 601 praecedenti
589 514 643 580 sed
679 533 749 580 cum
790 517 933 599 sequenti
968 521 1023 580 καί
1056 513 1274 596 coniungenda
1309 523 1366 595 est,

352 653 427 696 usus
452 636 484 697 et
506 629 694 713 significatio
719 631 891 715 particulae
915 635 969 696 καὶ
993 637 1067 696 autc
1090 631 1185 699 ἄλλοι
1207 631 1257 696 vel
1282 631 1367 697 ἄλλα

353 748 489 833 positae,
518 767 650 830 quocum
681 746 776 812 verbo
805 753 859 812 καί
889 752 975 812 arcte
999 747 1162 829 cohaeret,
1190 749 1367 814 consentire

352 863 493 947 putanda
526 868 609 928 sunt.
666 861 812 928 Editores
845 862 970 947 quidem
1009 863 1145 947 priorem
1177 862 1365 947 particulam

351 986 405 1044 καί
429 985 484 1044 aut
506 978 612 1044 delent
635 978 773 1060 (Bekker
790 985 822 1044 et
838 978 1031 1044 Sclrubartus
1050 980 1176 1063 ubique,
1200 977 1265 1043 SW
1278 980 1364 1044 21.1

352 1104 383 1161 et
407 1097 459 1160 23.
475 1096 504 1160 l.
531 1094 644 1161 Siebcl.
663 1131 704 1142 —
722 1098 811 1172 3.1.)
840 1101 895 1159 aut
923 1099 1046 1177 tenent,
1081 1115 1137 1175 ego
1166 1115 1241 1160 vero
1269 1096 1302 1160 in
1330 1115 1366 1160 eo

352 1232 410 1276 usu
433 1210 593 1276 insolitam
618 1211 776 1295 quandam
804 1211 972 1276 dictionem
1003 1211 1058 1276 sad
1088 1209 1263 1277 Pausaniae
1293 1231 1365 1296 pro-

351 1327 453 1411 priam
477 1328 604 1409 agnosci
629 1347 722 1410 qnam
751 1325 938 1411 particulam
968 1334 1022 1392 nat
1046 1348 1062 1391 e
1086 1333 1235 1393 contextu
1262 1347 1365 1391 remo-

352 1444 417 1508 veri
440 1442 565 1523 malim;
596 1442 651 1508 sed
682 1449 785 1508 utrum
816 1442 973 1526 copulatio
1002 1446 1056 1508 καὶ
1080 1442 1174 1511 ἄλλοι
1201 1443 1281 1508 nihil
1305 1444 1365 1508 nisi

351 1559 494 1640 gradatio
531 1558 678 1625 dictionis
713 1559 851 1640 vulgaris
887 1560 929 1624 sit
961 1579 999 1623 an
1034 1559 1203 1625 omissione
1230 1560 1365 1642 quadam

351 1675 484 1740 membri
509 1676 634 1759 primic,
660 1676 742 1758 quod
763 1675 899 1760 scriptor
915 1674 1029 1740 addere
1052 1677 1191 1759 potuerit
1213 1675 1268 1740 sed
1291 1677 1366 1740 reti·

350 1792 467 1874 cuerit,
499 1797 569 1856 orta
597 1792 652 1870 sit,
682 1791 714 1855 in
744 1790 848 1856 medio
872 1791 1033 1875 relinqu03
1063 1797 1135 1856 utut
1158 1811 1233 1858 vero
1255 1812 1308 1856 res
1331 1811 1366 1856 se

349 1906 455 1990 habet,
479 1907 562 1971 huuc
586 1906 801 1991 pleonasmum
826 1906 1040 1992 compluribus
1064 1907 1218 1992 exemplis
1241 1913 1365 1972 susten·

350 2027 451 2088 tatum
479 2023 589 2088 tollere
616 2021 726 2087 dubito
749 2043 785 2088 eo
808 2024 928 2105 magia,
956 2023 1038 2106 quod
1067 2024 1154 2088 locus
1185 2023 1365 2088 simillimus

351 2140 433 2223 apud
458 2139 583 2205 Aelium
613 2139 785 2204 Aristidem
814 2144 872 2215 Εἷς
896 2142 1085 2207 Ποσειδῶνα
1113 2140 1191 2222 §18
1220 2141 1267 2206 ed.
1285 2141 1365 2204 Din-

351 2254 429 2320 dorf.
453 2256 531 2320 mihi
556 2256 707 2338 occurrit,
736 2255 789 2320 ubi
810 2256 925 2338 legitur
948 2259 1002 2321 καὶ
1023 2259 1097 2344 ἵλεῳ
1121 2259 1157 2348 τῇ
1178 2256 1288 2344 γνώμῃ
1311 2261 1366 2321 καὶ

350 2371 453 2437 τᾶλλα
481 2397 513 2436 τε
541 2368 660 2452 ἀγαθὰ
687 2370 816 2439 διδόναι
842 2377 896 2437 καὶ
925 2376 1026 2439 εἰπεῖν
1055 2400 1083 2438 τι
1120 2373 1189 2439 οἷον
1222 2372 1296 2460 χρή,
1333 2381 1365 2438 et

351 2486 430 2552 alter
453 2486 536 2572 apud
559 2487 800 2573 Xenophontem
824 2487 939 2573 Cyrop.
958 2489 993 2554 V.
1011 2492 1042 2555 5.
1055 2492 1109 2555 33.
1133 2488 1195 2571 ἐγώ
1220 2490 1256 2554 δὲ
1279 2491 1363 2555 douai

350 2606 465 2668 -καὶ
488 2617 553 2679 τοῖς
575 2629 608 2669 το
631 2604 741 2679 ἄλλοις
764 2600 957 2688 ἀνθρώποις
980 2608 1035 2671 καὶ
1058 2620 1123 2681 τοῖς
1138 2608 1174 2672 ds
1196 2618 1261 2682 τοῖς
1276 2608 1364 2690 ἐμοῖς

350 2718 514 2806 ὑπηκόοις·
544 2719 582 2787 σὺ
609 2722 669 2806 μὲν
686 2769 695 2786 .
713 2769 746 2786 ..
771 2741 864 2804 quem
892 2724 995 2787 locum
1023 2720 1132 2807 Poppo
1161 2722 1301 2788 defendit
1324 2723 1363 2786 ad

350 2835 490 2921 Thucyd.
508 2835 531 2900 1.
549 2855 598 2921 cp.
616 2840 646 2903 9.
685 2835 720 2901 Si
743 2837 840 2918 igitur
859 2835 1018 2922 copulatio
1042 2841 1106 2903 καὶ
1129 2838 1245 2905 ἄλλοι
1267 2864 1304 2902 τε
1319 2875 1364 2887 ——

349 2958 412 3016 nat
445 2952 577 3016 refutari
611 2971 675 3016 non
710 2958 823 3036 potest,
851 2994 893 3006 -
918 2973 977 3019 nec
1010 2953 1134 3036 dubito,
1169 2954 1244 3036 quin
1272 2953 1364 3039 plura

350 3065 496 3151 exempla
524 3067 608 3153 apud
637 3067 716 3131 alios
745 3068 915 3152 scriptores
949 3074 1057 3134 extent
1084 3105 1128 3115 -
1158 3069 1252 3135 etiam
1282 3069 1363 3136 alius

349 3182 436 3248 locus
461 3184 543 3267 apud
567 3182 757 3248 Pausaniam
781 3204 822 3249 ex
846 3185 991 3267 analogia
1019 3186 1158 3251 locorum
1189 3190 1360 3252 tractorum

349 3301 436 3364 nesio
471 3320 511 3364 an
546 3279 661 3382 corrigi
697 3301 805 3384 possit.
862 3300 995 3382 Legitur
1030 3303 1114 3367 enim
1150 3301 1231 3367 VllI.
1255 3304 1308 3368 21.
1331 3303 1361 3367 3.

348 3419 467 3494 Λύκιος
491 3418 527 3482 δὲ
542 3413 639 3503 Ὠλὴν
655 3414 861 3503 ἀρχαιότερος
876 3420 932 3506 τὴν
955 3419 1080 3506 ἡλικίαν
1095 3422 1223 3504 Δηλίοις
1243 3419 1363 3504 ὕμνους

349 3537 403 3598 καὶ
432 3532 550 3608 ἄλλους
588 3535 723 3621 ποιήσας
751 3538 805 3599 καὶ
832 3537 864 3610 ἐς
892 3539 1075 3602 Εἰλνθνίοιν
1100 3560 1149 3612 τε,
1177 3535 1304 3612 εὔλινόν
1330 3560 1363 3599 τε

349 3646 448 3734 αὐτὴν
478 3647 691 3716 ἀνακαλεῖ..
725 3648 865 3716 Porsone
900 3651 1106 3736 praecedente
1140 3651 1296 3735 particula
1329 3656 1363 3715 τέ

350 3772 421 3850 post
449 3765 639 3838 ,Εῑλοθοίαν
682 3766 786 3851 posita
824 3766 969 3832 omnibus
1009 3766 1181 3844 editoribus
1216 3771 1363 3852 suspecta

347 3881 418 3965 fuit,
430 3881 525 3946 etiarn
540 3879 714 3964 Sicbelisio‚
731 3882 784 3966 qui
798 3882 942 3950 omnibus
959 3881 1029 3978 aliis
1040 3882 1118 3949 loeis
1130 3881 1361 3968 copulationem
