3080 4652
769 264 811 326 24

284 439 319 504 τὸ
346 435 532 523 ἀγώνισμα,
566 439 610 504 ita
638 443 674 503 ut
701 439 797 504 verba
831 440 993 523 sequentia
1027 445 1234 524 προσέθεσαν
1262 441 1297 505 δὲ

284 558 338 620 καὶ
361 563 469 622 ἵππιον
493 554 616 639 δρόμον
631 575 693 619 non
716 555 821 620 minus
845 554 949 620 verbis
965 552 1132 638 αὐλῳδίαν
1147 582 1180 621 τε
1203 575 1296 638 quam

283 673 376 737 τοῦτο
410 676 561 754 μέν...
597 670 830 754 respondeant,
872 691 951 754 qnae
988 670 1187 736 anacoluthia
1221 672 1297 736 satis

284 787 391 853 multis
415 785 568 871 exemplis
593 786 672 850 mihi
695 786 821 852 videtur
843 787 1027 852 confirmata
1053 807 1131 852 esse.
1185 829 1187 832 -

350 901 461 969 Restat
494 909 530 967 ut
562 907 627 967 tres
656 901 741 968 locos
769 902 881 968 leviter
914 904 1086 984 attingam,
1116 903 1149 967 in
1185 903 1297 987 quibus

284 1018 440 1103 particula
463 1021 512 1094 τέ,
535 1018 618 1100 quod
641 1038 744 1102 neque
768 1018 966 1084 anacoluthia
993 1019 1130 1102 quadam
1159 1025 1229 1084 orta
1252 1024 1298 1084 est

284 1155 385 1218 neque
416 1134 571 1218 particula
599 1135 741 1218 sequenti
771 1135 946 1220 excipitur,
980 1141 1130 1218 tanquam
1159 1134 1298 1215 solivaga

284 1249 444 1316 nonnullis
475 1250 648 1316 editoribus
676 1259 823 1335 suspecta
850 1251 919 1316 fuit.
977 1249 1102 1316 Primus
1128 1249 1215 1316 locus
1243 1250 1296 1317 IX.

286 1368 338 1432 22.
357 1369 387 1431 2.
411 1368 464 1451 τῆς
486 1392 518 1430 σε
542 1362 729 1452 ἀνδράχνου
752 1367 787 1432 τὸ
811 1365 1003 1434 ὑπόλοιπον·
1028 1370 1191 1453 τραφῆναι
1214 1369 1297 1432 δέ..

286 1481 492 1547 aSiebelisio
517 1489 549 1547 et
571 1481 655 1548 SW.
680 1483 748 1547 iure
772 1482 939 1548 lacunosus
963 1487 1107 1568 putatur3
1131 1483 1164 1547 in
1189 1482 1297 1564 altero,

209 1601 212 1616 '
286 1600 339 1682 qui
362 1597 477 1680 legitur
500 1597 554 1662 IX.
572 1599 664 1664 31.5
687 1596 793 1664 ὁπόσα
817 1624 850 1664 τε
871 1598 1099 1683 ἐπελεξάμεθα
1122 1603 1177 1664 καὶ
1199 1598 1298 1685 ἡμεῖς,

285 1718 340 1780 καὶ
362 1713 522 1801 ἐξηγήσεις
544 1716 599 1779 ἐπὶ
621 1720 749 1801 τέρασιν
774 1713 847 1779 SW
870 1715 1058 1800 particulam
1087 1721 1121 1780 τέ
1148 1722 1298 1798 tanquam

285 1837 497 1897 surrecturam
522 1830 671 1895 vocabulo
695 1836 830 1915 πέρασιν
854 1851 910 1915 pro
934 1837 1061 1915 τέρασιν
1084 1831 1220 1914 margini
1243 1831 1299 1895 ad-

286 1947 435 2032 scriptam
466 1946 564 2012 deleri
591 1946 715 2026 vulunt3
745 1947 828 2029 quod
859 1946 985 2030 quidem
1019 1947 1147 2012 concedi
1180 1952 1298 2031 potest;

286 2063 340 2129 sed
376 2063 480 2127 nescio
510 2083 549 2127 an
582 2061 639 2127 hoc
668 2062 736 2128 loco
767 2061 968 2148 brachylogia
1002 2063 1137 2146 quadam
1166 2069 1200 2129 τέ
1226 2083 1297 2128 cum

286 2179 430 2263 sequenti
452 2184 506 2243 καί
529 2178 780 2260 coniungendum
805 2180 861 2261 sit,
891 2181 936 2243 ita
960 2185 994 2243 ut
1016 2178 1102 2244 locus
1133 2179 1179 2244 sic
1201 2179 1300 2244 inter·

287 2294 458 2380 pretandua
482 2295 539 2360 sit:
568 2303 600 2360 et
624 2299 734 2360 extant
756 2295 794 2359 de
818 2295 1011 2360 divinatione
1034 2295 1204 2378 carmina,
1221 2314 1300 2378 quae

286 2431 384 2495 aeque
407 2409 541 2492 legimus
565 2417 658 2494 atque
683 2415 876 2475 ostentorum
901 2411 1132 2493 enarrationes,
1163 2429 1242 2494 quae
1270 2417 1302 2475 et

285 2527 376 2612 ipsae
400 2532 518 2592 extant.
572 2527 682 2592 Tertio
712 2530 817 2591 autem
848 2527 916 2591 loco
940 2525 1071 2591 lll.4.2
1101 2530 1154 2602 τῆς
1183 2529 1300 2592 καλου-

285 2649 382 2729 μένης
405 2637 565 2728 Ὀργάδος
588 2645 678 2708 θεῶν
701 2669 734 2708 ιε
756 2645 820 2709 τῶν
842 2645 878 2708 ἒν
905 2641 1064 2710 Ἐλευσῖνι
1091 2643 1180 2728 ἱερᾶς
1204 2642 1301 2708 Schu-

285 2759 394 2824 battus
418 2759 534 2824 iniuria
556 2758 745 2842 particulam
769 2765 802 2824 τέ
825 2758 922 2824 deleri
950 2758 1033 2840 vult,
1057 2778 1128 2822 cum
1151 2758 1300 2824 hocloco

286 2875 489 2959 participium
517 2881 549 2939 et
577 2874 766 2939 adiectivum
795 2877 1050 2960 καλουμένης-
1068 2874 1156 2958 ἱερᾶς
1184 2895 1241 2958 per
1269 2880 1302 2939 σέ

286 2989 472 3075 copulentur
495 2995 531 3054 ut
554 2989 662 3054 multis
687 2990 757 3054 aliis
780 2989 857 3055 locis
881 3010 938 3074 par
960 2996 1015 3055 καί
1038 2990 1093 3054 cfr.
1112 2988 1298 3056 V111.11.9.

287 3110 451 3192 Θηβαίους
473 3105 510 3170 δὲ
532 3101 800 3187 Ἐπαμεινώνδας
827 3103 978 3190 ἀθύμους
993 3141 1036 3150 -
1052 3109 1107 3170 καὶ
1123 3141 1164 3151 -
1181 3105 1301 3172 εἰσιδό-

286 3248 344 3298 τας
367 3218 543 3308 ἀπέφηνεν.
568 3220 621 3286 ΙΧ.
640 3223 692 3287 30.
706 3221 737 3286 2.
762 3219 913 3307 Θάμυριν
929 3256 972 3266 -
988 3220 1110 3308 τυφλὸν
1133 3226 1187 3287 καὶ
1202 3221 1302 3306 λύρας

287 3373 330 3384 -
346 3335 588 3426 ἐφαπτόμενον.

354 3455 423 3536 Age
446 3473 529 3518 nunc
551 3453 591 3517 ad
615 3452 712 3518 alium
735 3461 831 3537 atque
858 3473 927 3518 eum
945 3453 1083 3518 maxime
1099 3453 1302 3538 conspicuum

287 3569 461 3654 particulae
491 3574 525 3634 ιδ
553 3589 644 3636 usum
681 3569 880 3635 tractandum
916 3570 1095 3651 veniamus,
1132 3569 1171 3633 de
1197 3589 1303 3652 quoa

286 3686 363 3751 viris
398 3686 480 3750 doct.
509 3685 628 3770 passim
664 3685 718 3750 sed
751 3687 875 3751 diverse
910 3686 1084 3751 iudicatum
1116 3689 1174 3750 est.
1231 3683 1302 3749 Non

287 3803 396 3887 paucis
431 3802 515 3868 enim
550 3802 626 3867 locis
661 3821 681 3867 a
715 3799 874 3868 Pausania
909 3800 1082 3886 particulae
1118 3807 1173 3866 aut
1199 3837 1241 3847 —
1269 3806 1302 3865 τέ
