3080 4652
783 307 827 372 42

301 517 341 528 ·--
367 488 462 568 χωρὶς
489 487 549 569 μὲν
578 487 641 550 τῶν
669 479 831 568 ἀρσένων,
861 485 929 566 ἰδίᾳ
959 483 994 549 dd
1024 497 1093 560 ταῖς
1122 490 1313 569 παρθένοις.

301 598 353 664 ΙΧ.
372 602 425 666 31.
443 603 473 666 3.
498 598 592 667 ἆθλα
616 597 655 666 οὗ
676 603 825 686 μουσικῆς
847 599 949 696 μονον
974 597 1059 666 ἄλλοι
1083 605 1137 665 καὶ
1153 597 1313 686 ἀθληταῖς

300 722 463 794 τιθέντες,
498 717 551 782 ubi
586 717 766 782 oonieotura
802 715 932 782 Osannii
967 729 1129 801 μουσικοῖς
1163 707 1313 802 superva-

300 851 397 897 ounea
420 836 477 897 est.
672 913 675 920 Ι

368 946 453 1024 Quae
480 948 721 1012 constructionis
757 947 926 1012 mutandae
953 948 1091 1032 captatio
1121 947 1204 1032 apud
1232 946 1313 1011 Pau·

301 1063 422 1128 saniem
454 1063 547 1128 etiam
577 1083 636 1128 usu
665 1065 829 1129 verborum
855 1062 1005 1149 ἡγεῖσθαι
1028 1071 1059 1129 et
1082 1076 1209 1148 κρατεῖν
1232 1063 1313 1127 dilu-

301 1179 370 1243 cide
405 1187 546 1264 apparet.
575 1177 675 1244 lua.
696 1182 733 1244 11
765 1180 847 1244 enim
875 1179 1010 1260 legimns
1044 1180 1313 1262 Λακεδαιμονίων

302 1293 319 1361 ὁ
353 1293 537 1380 Εὐρυλέων,
573 1301 766 1382 Μεσσηνίοις
800 1297 836 1360 dd
869 1298 1020 1371 Κλέοννις
1052 1293 1173 1380 ἡγήσω·
1206 1301 1237 1360 et
1261 1293 1311 1358 Vl.

304 1415 353 1475 14.
372 1414 402 1476 3.
427 1414 579 1496 κρατῆσαι
606 1410 678 1486 τούς
701 1437 733 1476 τε
757 1447 795 1456 -
823 1409 1079 1492 ἀνταγωνιστάς,
1107 1417 1162 1476 καί
1184 1447 1228 1455 -
1251 1414 1315 1476 τῶν

301 1528 442 1611 ἀνδρῶν.

369 1643 460 1709 Loois
485 1644 585 1709 adhue
614 1644 736 1709 collatis
766 1645 890 1709 dativus
920 1646 1125 1710 substantivis
1149 1643 1313 1729 appositus

302 1768 333 1824 et
368 1759 596 1842 significatione
630 1761 809 1844 possessiva
843 1760 893 1824 vol
931 1761 1034 1826 ethioa
1068 1766 1239 1844 usurpatus
1275 1759 1313 1823 ud

303 1876 431 1940 verbum
460 1877 564 1960 potuit
596 1875 723 1957 referri,
758 1877 797 1940 iis
832 1878 973 1961 exeeptis
1008 1877 1095 1958 loeis,
1131 1878 1165 1940 in
1201 1875 1314 1960 quibus

301 1991 474 2056 Pausanias
499 1991 635 2056 mirabili
652 1992 785 2075 quadam
811 1991 1006 2058 affectatione
1030 1993 1171 2058 dativum
1195 1994 1230 2058 οἷ
1248 1993 1315 2057 sine

301 2107 367 2172 ulla
390 2106 542 2172 relatione
566 2107 604 2170 ad
630 2108 759 2172 verbum
783 2109 912 2189 genitivi
936 2109 1004 2173 looo
1020 2111 1164 2194 posuisse
1180 2108 1313 2173 videtur.

303 2223 401 2300 Quaem
430 2243 521 2288 usum
549 2223 649 2288 dativi
679 2226 714 2290 οἷ
736 2223 912 2289 Pausaniae
941 2226 1103 2310 proprium
1133 2224 1314 2289 Siebelisius

303 2341 397 2405 etiam
425 2341 457 2404 in
486 2360 539 2405 eos
567 2341 667 2405 voluit
695 2342 828 2425 proferri
853 2343 957 2424 looos,
985 2342 1017 2404 in
1047 2342 1160 2425 quibus
1190 2341 1315 2405 dativus

303 2456 491 2521 substantivi
519 2457 650 2520 alieuius
680 2457 729 2520 vel
761 2457 955 2541 pronominis
980 2455 1075 2532 αιἰιός
1103 2457 1141 2521 ud
1170 2457 1315 2522 substan·

302 2573 400 2636 tivum
432 2572 572 2636 adiectus
601 2573 725 2636 videtur
755 2592 839 2654 esse,
869 2575 914 2637 ito
942 2580 977 2637 ut
999 2574 1131 2656 genitivi
1160 2573 1315 2654 signitica-

302 2690 419 2753 tionem
445 2689 602 2754 stlocum
626 2695 741 2754 teneat.
788 2688 886 2766 Quam
917 2691 1104 2754 sententiam
1130 2691 1191 2754 iam
1218 2688 1315 2754 Sohu-

304 2805 411 2869 bartus
435 2805 635 2890 impugnavit
658 2815 690 2870 et
712 2806 781 2890 ipse
798 2825 921 2890 quoque
944 2807 1099 2890 improbo,
1124 2825 1314 2889 quamquam

302 2922 334 2984 in
362 2919 439 2985 loeis
467 2921 516 2984 his
552 2921 800 3004 interpretandis
828 2921 876 2986 vel
907 2921 1111 2986 emendandis
1140 2921 1315 2986 Sehubarto

303 3035 418 3118 ubique
442 3036 587 3100 assentiri
611 3055 674 3100 non
697 3055 836 3120 possum.

371 3150 440 3215 Huo
457 3155 572 3233 autem,
590 3157 624 3214 ut
636 3151 775 3232 singulos
788 3172 1028 3236 percenseamus
1041 3153 1137 3234 locos,
1153 3153 1185 3216 in
1203 3153 1315 3236 quibus

304 3267 402 3331 dativi
426 3266 694 3331 substantivorum
720 3268 774 3333 vel¹
792 3269 988 3353 pronominis
1012 3266 1108 3345 αιἰιός
1128 3269 1313 3334 adverbum

303 3403 364 3446 non
389 3389 542 3467 spectant,
567 3383 625 3449 looi
649 3385 804 3450 referendi
832 3392 907 3450 sunt
931 3393 964 3450 ut
993 3385 1045 3451 lv.
1063 3388 1116 3451 26.
1135 3388 1165 3451 6.
1196 3385 1231 3451 τὰ
1254 3384 1316 3471 μή·

303 3524 382 3582 νιμα
397 3497 456 3585 ἤδη
472 3519 561 3584 σφισι
577 3505 739 3565 πέπαυται
754 3499 789 3566 τὸ
805 3499 1009 3586 Διοσκούρων
1024 3502 1045 3566 i.
1056 3523 1083 3566 o.
1101 3500 1313 3566 Gemellorum

303 3615 351 3678 ira
385 3615 416 3677 in
453 3635 505 3679 eos
539 3612 739 3700 deferbuit¹);
782 3615 835 3681 IX.
860 3618 913 3682 25.
936 3619 966 3682 6.
1002 3617 1168 3704 Δήμητρος
1202 3621 1231 3684 d
1259 3615 1315 3684 οὖν

376 3771 396 3834 ¹)
415 3769 470 3824 Sed
493 3771 542 3826 IV.
556 3773 600 3825 27.
615 3773 639 3826 l.
662 3771 812 3826 Pausanias
834 3773 965 3841 loquitur:
991 3773 1019 3827 vd
1041 3776 1069 3828 δὲ
1094 3777 1146 3829 τῶν
1173 3772 1315 3846 Τυνδάρεω

303 3860 408 3912 παίδων
425 3855 532 3931 μήνιμα
551 3863 576 3920 ἐς
593 3858 651 3921 τοὺς
670 3866 831 3926 Μεσσηνίους
849 3859 941 3932 ἤρξαιο
955 3902 981 3916 ..
