3080 4652
788 403 864 466 12·

305 575 559 663 ἐπολεμάρχησε,
588 578 692 664 τάφος
714 580 750 644 ἐν
774 586 937 662 Ποταμοῖς
959 617 1053 644 ..-
1078 579 1187 664 Neque
1213 582 1319 646 minus

306 693 472 777 perspicue
496 713 568 758 mea
591 694 747 760 sententia
763 695 907 760 socordia
929 693 1052 760 librarii
1076 696 1231 780 simulque
1251 716 1319 762 cor-

306 814 431 873 rectura
453 827 566 892 porum
590 807 714 873 subtilis
737 809 860 875 librarii
884 811 1068 895 posterioris
1091 813 1241 896 expressa
1265 833 1320 876 ex-

307 928 354 988 tar
376 921 428 988 HI.
449 926 498 988 11.
516 925 547 990 4.
594 923 629 989 In
652 924 743 990 codd.
761 931 826 990 est:
854 923 902 990 τί
920 927 956 991 δὲ
983 926 1086 1011 ὄνομα
1114 931 1198 993 εἶναι
1220 926 1320 1014 τούτῳ

307 1038 505 1120 Αὔγουστος,
529 1040 545 1102 ὃ
569 1039 652 1105 κατὰ
679 1042 824 1121 γλῶτταν
854 1039 992 1108 δύναται
1014 1043 1069 1128 τὴν
1086 1036 1247 1128 Ἑλλήνων
1270 1063 1321 1109 σε-

307 1151 435 1238 βαστός.
480 1154 627 1222 Editores
651 1156 705 1222 alii
728 1156 820 1222 aliter
835 1158 1005 1223 coniciunt.
1052 1157 1244 1225 Sububartur
1269 1178 1321 1224 co·

308 1271 412 1336 dicum
436 1271 605 1338 lectionum
630 1272 726 1355 dedit,
751 1293 939 1357 quamquam
962 1274 1031 1358 ipse
1054 1275 1202 1340 coniecit:
1227 1275 1263 1340 τὸ
1285 1275 1321 1339 δὲ
1432 1321 1446 1337 .

308 1385 413 1470 ὄνομα
440 1390 532 1453 τοῦτο
559 1387 746 1468 Αὔγουστος
780 1389 862 1454 κατὰ
895 1391 1118 1469 γλῶτταν...
1146 1389 1196 1456 vel
1219 1397 1321 1455 totum

216 1593 219 1601 ,
308 1501 411 1568 locum
435 1509 584 1587 tanquam
614 1503 770 1586 glossema
797 1505 1062 1586 exstinguendum
1092 1525 1161 1572 esse
1189 1507 1320 1572 consuit.

209 1604 224 1630 ³
310 1619 353 1682 At
387 1619 531 1698 minime3
566 1640 640 1684 nam
675 1625 894 1705 praeterquam
932 1621 1014 1706 quod
1043 1621 1215 1687 Pausanias
1251 1621 1322 1707 plus

310 1753 405 1817 quam
429 1733 526 1800 semel
555 1735 635 1800 tales
663 1735 815 1802 admiscet
842 1737 1074 1820 adnotationes,
1105 1739 1161 1804 ein.
1186 1737 1224 1802 ll.
1241 1742 1273 1802 4.
1290 1739 1321 1803 5.

310 1853 517 1916 Καπετωλίου
534 1853 626 1942 φωνῇ
641 1853 676 1942 τῇ
682 1850 860 1935 Ῥωμαίων,
876 1852 1106 1920 κατάἝλλοίδα
1123 1854 1159 1918 δὲ
1173 1855 1323 1933 γλῶσσαν

311 1973 496 2051 Κορυφαῖος
518 1963 695 2050 ὀνομάζοιτ’
708 1966 763 2044 ἄν,
787 1967 882 2032 etiam
900 1989 938 2032 ex
954 1968 1021 2033 loco
1039 1968 1199 2033 simillimo
1214 1989 1323 2033 reram

311 2082 422 2166 opinor
449 2079 510 2148 loci
533 2082 625 2148 huius
648 2082 814 2148 lectionem
843 2085 968 2149 restitui
994 2105 1097 2170 posse.
1144 2084 1196 2150 Vl.
1221 2087 1274 2150 24.
1292 2089 1322 2150 6.

312 2198 393 2262 enim
417 2197 567 2279 legimus:
591 2195 799 2275 ’Λπόλλωνος
822 2197 981 2266 Ἀκεσίου·
1006 2207 1155 2286 σημαίνοι
1178 2200 1266 2266 δ’ἄν
1288 2199 1324 2265 τὸ

311 2311 416 2398 ὄνομα
445 2310 540 2382 οὐδέν
568 2341 597 2380 τι
624 2312 757 2382 ἀλλοίου
779 2315 798 2401 ἢ
910 2314 1063 2381 Similiter
1090 2317 1125 2380 in
1153 2317 1324 2400 archetypo

310 2428 365 2492 illo
393 2429 463 2494 loco
490 2436 567 2515 puto
602 2431 715 2496 fuisse:
751 2432 786 2496 τὸ
818 2433 854 2496 δὲ
883 2432 986 2515 ὄνομα
1021 2437 1198 2517 σημαίνει
1224 2429 1323 2514 τούτῳ

312 2543 511 2624 Αὔγουστος,
535 2545 603 2611 ὅ..
628 2544 701 2611 Siva
725 2553 829 2612 autem
846 2547 976 2613 verbum
993 2554 1139 2632 σημαίνει
1162 2547 1194 2611 in
1216 2547 1324 2612 arche-

313 2665 387 2746 typo
418 2662 521 2756 miuus
550 2660 670 2727 clarum
700 2661 760 2727 fuit
790 2663 856 2727 siro
891 2661 1038 2728 librarius
1072 2663 1175 2747 prima
1203 2663 1325 2747 syllaba

312 2776 454 2858 neglecta
491 2783 574 2843 αίνει
613 2778 758 2862 scripsit,
798 2778 946 2844 librarius
988 2778 1145 2863 posterior
1186 2777 1325 2862 syllabas

313 2901 440 2958 truncas
464 2900 546 2959 αίυει
569 2894 603 2958 in
626 2898 710 2960 strar
734 2893 857 2958 videtur
880 2899 1028 2960 mutasse.

380 3008 524 3092 Denique
547 3014 611 3075 tres
635 3010 885 3076 commemorabo
909 3011 1005 3093 locos,
1029 3010 1253 3094 quibusquam
1278 3011 1325 3074 la·

314 3124 373 3190 cilo
396 3124 456 3189 duo
485 3126 596 3207 verba,
625 3125 729 3190 scriba
757 3126 796 3190 ab
829 3146 889 3190 uno
917 3126 957 3190 ad
987 3126 1118 3191 alterum
1148 3127 1324 3207 aberrante,

314 3241 498 3323 coaluerint,
522 3240 615 3326 plane
639 3248 786 3326 apparot3
817 3261 895 3326 quos
919 3241 1004 3306 locos
1028 3242 1163 3308 editores
1186 3243 1326 3306 nondum

315 3358 476 3422 sanavisse
513 3357 591 3422 mibi
625 3357 782 3423 videntur.
830 3357 977 3424 1.40.5
1013 3358 1097 3423 enim
1133 3356 1326 3423 Scbubartus

316 3474 416 3538 dedit:
439 3471 630 3558 ὁμολογοῦσι
653 3475 688 3539 δὲ
711 3478 766 3539 καί
790 3471 963 3561 Ἀθηναῖοι
984 3473 1100 3559 χρόνον
1123 3471 1195 3539 τινὰ
1210 3480 1325 3552 Μεγα-

316 3593 422 3675 ροῦσιν
449 3589 643 3674 ἀποστῆναι,
677 3589 813 3657 Σόλωνα
841 3592 878 3656 δὲ
905 3590 1036 3675 ὕστερόν
1069 3606 1170 3676 φασιν
1203 3589 1327 3668 ἐλεγεῖα

316 3706 495 3794 ποιήσαντα
514 3712 698 3790 προτρέψαι
726 3709 829 3794 σφᾶς,
857 3711 1050 3792 καταστῆναι
1073 3708 1109 3772 δὲ
1131 3707 1185 3771 ἐπὶ
1207 3703 1328 3779 τούτοις

316 3827 349 3898 ἐς
383 3821 617 3910 ἀμφισβήτησιν
647 3819 832 3908 Ἀθηναῖοι,
870 3820 1082 3908 κρατήσαντες
1124 3823 1161 3886 δὲ
1198 3823 1327 3906 πολέμῳ

316 3943 490 4024 Σαλαμῖνα
513 3929 613 4016 aridos
636 3941 730 4022 ἔχειν.
760 3937 859 4004 Godd.
884 3938 992 4020 legunt
1014 3939 1047 4013 ἐς
1063 3933 1328 4025 ἀμφισβητοῦσιν,
