3080 4652
724 331 765 400 21

240 511 363 591 signum
399 510 523 576 Dianae
547 507 692 594 Sospitae
727 514 857 575 aeneum
895 514 927 576 et
958 509 1031 593 quia
1066 511 1161 575 etiam
1192 510 1254 575 alia

240 626 407 692 simulacra
446 630 495 692 est
531 632 854 708 commemoraturus,
894 626 1005 692 scribit
1043 625 1177 708 ἄγαλμα
1211 651 1254 691 τε.

241 739 302 806 Sed
327 742 379 806 vix
403 741 481 807 deae
505 761 678 823 cognomen
696 741 830 825 dixerat,
854 762 923 808 cum
949 742 1254 810 subito'orationem

240 856 368 940 incidit,
399 865 434 923 ut
462 857 657 942 digressione
685 857 841 941 longiore,
874 878 931 924 cur
953 856 1153 938 Megarenses
1177 856 1254 928 deae

240 972 442 1038 simulacrum
452 972 669 1057 dedicassent,
686 978 873 1058 exponerem
891 979 923 1038 et
938 972 1063 1038 demum
1080 971 1099 1054 ξ
1113 975 1133 1038 3
1150 971 1253 1037 verbis

239 1091 386 1154 ἐνταῦθα
418 1092 472 1154 καὶ
506 1091 569 1155 τῶν
607 1089 734 1155 δώδεκα
769 1087 1017 1173 ὀνομαζομένων
1051 1092 1142 1155 θεῶν
1169 1091 1254 1154 ἐστιν

239 1201 412 1288 ἀγάλματα
436 1204 476 1270 ad
496 1204 648 1271 orationis
664 1206 856 1290 principium
872 1205 1012 1270 revertit.
1044 1204 1253 1282 Quamobrem

239 1339 296 1386 nec
319 1319 423 1385 locum
447 1326 629 1406 corruptum
654 1341 712 1387 nec
735 1327 769 1386 τέ
792 1321 959 1386 delendum
984 1341 1052 1387 esse
1074 1322 1189 1388 iudico.

305 1435 391 1502 ldem
416 1437 501 1502 cadit
523 1437 556 1502 in
580 1436 683 1503 locum
707 1436 762 1502 IX.
780 1438 834 1503 24.
854 1442 881 1504 1.
900 1439 954 1504 nbi
977 1439 1010 1503 ln
1027 1438 1155 1520 vulgata
1177 1437 1254 1520 legi·

239 1562 305 1618 tur:
341 1555 374 1628 ἐς
403 1553 439 1617 δὲ
467 1552 525 1636 τὴν
550 1555 664 1639 λίμνην
688 1554 706 1617 ὅ
730 1580 762 1620 τε
789 1554 933 1639 ποταμὸς
956 1553 976 1620 o‘
1002 1554 1144 1641 Κηφισὸς
1166 1555 1255 1619 ἐκδί-

239 1669 337 1735 δωσιν
360 1665 540 1753 ἀρχόμενος
562 1671 596 1734 ἐκ
618 1672 760 1746 Λιλαίας
783 1673 836 1755 τῆς
860 1675 1001 1736 Φωκέων
1023 1674 1077 1735 καὶ
1100 1668 1254 1738 διαπλεύ-

239 1804 330 1851 σαντι
358 1788 391 1861 ἐς
420 1783 556 1860 Κώπας·
592 1798 713 1852 κεῖνται
742 1786 778 1850 δὲ
812 1785 848 1852 αἱ
877 1787 994 1852 Κῶπαι
1027 1785 1169 1870 πόλισμα
1201 1788 1255 1852 ἐπὶ

238 1902 273 1992 τῇ
295 1905 400 1989 λίμνῃ.
446 1901 559 1966 Facius
583 1921 654 1967 oum
684 1900 763 1966 nihil
796 1902 917 1968 videret
945 1902 1028 1986 quod
1057 1901 1254 1967 antecedenti

239 2017 311 2082 ὅτε
339 2016 483 2101 ποταμός
517 2018 737 2102 responderet,
772 2019 905 2084 coniecit
939 2021 994 2084 καὶ
1028 2016 1256 2085 διαπλεύσαντί

238 2137 298 2198 εἰσι
326 2137 458 2215 Κώπας
487 2155 581 2218 quam
610 2135 822 2200 coniecturam
848 2133 936 2200 SW.
965 2141 1160 2220 receperunt.
1213 2133 1256 2199 nt

239 2252 266 2314 si
295 2251 342 2315 ita
369 2249 543 2316 Pausanias
574 2251 714 2336 scripsit,
742 2251 890 2316 ieiunitas
925 2251 1071 2316 dictionis
1099 2257 1130 2318 et
1156 2251 1255 2316 insul-

242 2367 320 2431 sitas
344 2387 406 2431 non
431 2367 508 2431 satis
532 2373 636 2451 potest
659 2367 843 2451 vituperari.
890 2366 991 2444 Quam
1007 2366 1154 2450 languide
1170 2367 1253 2432 enim

239 2480 316 2546 fluat
333 2483 433 2547 oratio
449 2483 616 2548 iteratione
634 2483 692 2548 hae
707 2483 828 2568 inepta:
855 2488 907 2566 „et
922 2483 1075 2568 Cephisus
1096 2481 1199 2548 influit
1221 2483 1253 2547 in

239 2597 343 2662 lacurn
380 2606 411 2663 et
434 2597 537 2679 Copae
567 2619 585 2664 e
619 2599 746 2680 regione
780 2597 919 2663 fluminis
953 2600 1016 2664 orie
1051 2600 1131 2663 sitae
1165 2605 1254 2678 sunt;

239 2711 344 2798 Copae
368 2720 473 2778 autem
502 2714 541 2778 ad
571 2714 675 2778 lacum
705 2715 784 2778 sitae
814 2712 921 2795 sunt“,
948 2733 1039 2778 nemo
1068 2733 1130 2777 non
1159 2712 1254 2777 videt.

240 2828 301 2894 Sed
329 2829 495 2894 lectionem
531 2828 691 2911 vulgatam
728 2835 804 2915 puto
839 2828 1009 2895 tenendam
1042 2849 1124 2910 esse,
1160 2848 1254 2914 quam

241 2945 423 3010 Siebelisius
446 2951 532 3010 recte
555 2947 799 3029 interpretatur:
831 2943 934 3010 influit
957 2946 990 3010 in
1012 2945 1116 3011 laeum
1141 2945 1255 3029 Cephi-

240 3082 293 3126 sus
317 3061 419 3126 amnis
443 3068 475 3126 et
499 3061 624 3145 quidem
650 3081 685 3126 eo
709 3061 788 3144 loco,
813 3061 866 3126 nbi
889 3061 1040 3126 traiciunt
1055 3061 1167 3145 (lopas,
1190 3063 1211 3125 i.
1228 3081 1254 3125 e.

241 3198 257 3242 e
280 3178 409 3258 regione
433 3177 603 3263 Coparum.
650 3183 715 3244 Kal
738 3177 821 3243 anim
846 3177 1061 3262 compluribus
1080 3177 1156 3242 locis
1173 3177 1255 3258 apud

240 3293 429 3358 Pausaniam
453 3293 539 3359 idem
562 3293 648 3360 valet
671 3295 754 3377 qnod
777 3299 832 3358 καί
852 3335 895 3344 -
911 3300 949 3374 γέ
977 3293 1027 3359 vel
1055 3298 1110 3359 καὶ
1136 3297 1236 3360 ταῦτα
1244 3324 1255 3374 3

240 3410 295 3475 cfr.
319 3408 372 3474 IV.
389 3410 476 3493 fal,
509 3409 562 3474 lV.
580 3411 633 3475 21.
652 3412 686 3492 8,
723 3407 775 3474 IV.
794 3410 900 3492 25.l,
937 3408 1144 3492 V111.21.2,
1172 3408 1254 3473 VIII.

240 3528 293 3592 44.
310 3527 341 3592 5.
388 3526 478 3604 Quod
507 3545 581 3591 vero
614 3524 801 3610 particulam
836 3524 1048 3609 copulativam
1083 3524 1256 3610 particulae

239 3648 273 3707 τέ
295 3643 539 3727 respondentem
562 3641 789 3726 desideramus,
813 3662 884 3708 cum
910 3661 1043 3726 sequens
1070 3643 1107 3708 δέ
1129 3659 1201 3706 cnm
1224 3645 1257 3705 τέ

239 3760 492 3842 coniungendam
517 3778 579 3824 non
604 3759 663 3840 sit,
691 3765 776 3824 certe
798 3757 974 3824 Pausanias
1003 3757 1151 3822 hocloco
1176 3759 1257 3822 sicut

238 3875 306 3940 loeo
330 3875 354 3940 l.
370 3878 424 3942 40.
442 3877 473 3941 2.
491 3874 583 3940 modo
599 3878 735 3939 tractato
750 3874 842 3958 copia
857 3893 962 3938 rerum
979 3871 1255 3976 describendarum
