3096 4656
684 381 726 443 45

200 561 359 626 licentiam
385 557 558 623 Pausanias
581 556 759 643 participiis
783 555 908 620 omissis
932 554 1107 637 admiserit,
1135 554 1211 618 sotis
1258 637 1260 642 ἲ

200 677 321 741 docent.
370 675 432 740 Sed
458 673 618 757 hocloco,
643 673 724 738 unde
744 673 904 754 digressus
920 691 1002 754 sum,
1025 690 1094 736 oum
1112 670 1212 755 parti-

200 795 316 878 cipium
341 797 552 876 γεγενημένον
566 791 658 855 facile
680 810 719 854 ex
739 789 893 854 infinitivo
909 788 1110 872 praecedenti
1124 812 1213 866 ysra-

201 912 324 996 νῆσθαι
350 907 484 988 intelligi
515 902 659 992 possit¹)‚
685 905 805 989 ellipsis
834 906 964 969 nonita
993 927 1012 970 a
1038 903 1214 968 Pausaniae

203 1026 338 1090 dictione
362 1023 466 1089 aliena
489 1023 630 1107 putanda
653 1028 701 1087 est
716 1042 817 1105 neque
832 1027 1042 1086 correcturum
1059 1020 1158 1084 dativi
1181 1022 1214 1084 in

202 1141 374 1222 genitivum
399 1140 609 1205 necessariam
635 1159 703 1204 esse
727 1139 883 1202 existimo.

246 1253 248 1258 ’
270 1256 328 1322 His
353 1257 505 1340 expositis
529 1275 612 1320 nuno
633 1255 672 1318 de
697 1275 732 1318 eo
755 1254 853 1318 dativi
877 1254 917 1318 ad
941 1251 1138 1318 substantiva
1161 1251 1216 1316 ad-

204 1373 262 1438 diti
289 1393 346 1436 osu
374 1371 492 1452 diram,
518 1371 581 1454 qui,
603 1391 674 1450 voum
705 1390 744 1436 ne
768 1369 872 1454 ellipsi
900 1368 1025 1452 quidem
1056 1368 1216 1452 participii

205 1488 307 1573 possit
330 1486 467 1569 defendi,
491 1507 509 1550 a
533 1486 707 1551 Schubarto
732 1486 799 1550 iure
823 1485 1017 1568 repudiatur.

271 1603 402 1684 Legitur
432 1603 514 1667 enim
539 1602 576 1666 V.
593 1605 625 1666 4.
641 1604 673 1666 4.
707 1606 749 1688 τῷ
778 1603 813 1667 δὲ
844 1598 965 1684 Ὀξύλῳ
999 1607 1132 1684 Πιερίαν
1158 1602 1218 1683 μὲν

204 1723 240 1812 τῇ
262 1724 389 1800 γυναικὶ
412 1719 516 1802 ὄνομα
546 1723 631 1783 εἶναι
659 1721 803 1799 λέγουσι,
831 1723 916 1802 πέρα
940 1719 975 1782 δὲ
1002 1719 1036 1792 ἒς
1059 1713 1158 1801 αὐτὴν
1181 1712 1219 1782 οὗ

206 1835 469 1922 μνημονεύουσιν.
526 1831 661 1914 Ὀξύλου
695 1836 731 1900 δὲ
764 1839 920 1914 γενέσθαι
957 1831 1080 1908 παῖδας
1119 1852 1220 1919 φασιν

207 1950 356 2018 Αἰτωλὸν
380 1957 434 2017 καὶ
449 1957 571 2017 Λαΐαν.
603 1950 737 2016 Dativus
754 1953 796 2039 τῷ
813 1947 904 2015 δὲὈ.
928 1968 999 2014 cum
1023 1949 1062 2013 ad
1087 1968 1219 2031 sequen-

206 2079 271 2133 tem
299 2069 439 2132 dativum
472 2070 508 2159 τῇ
534 2092 605 2148 γον.
640 2067 726 2131 nullo
757 2067 849 2131 modo
884 2066 996 2130 referri
1029 2066 1131 2149 possit
1165 2065 1220 2130 sed

210 2184 323 2249 melius
354 2185 394 2248 ad
422 2185 550 2249 verbum
580 2189 755 2262 γενέσθαι,
786 2182 995 2248 Schubarturn
1020 2182 1162 2264 adduxit,
1187 2187 1222 2245 ut

210 2303 253 2389 τῷ
278 2302 314 2366 δὲ
329 2297 452 2386 Ὀξύλῳ
477 2307 508 2364 et
523 2297 659 2378 Ὀξύλου
682 2300 719 2364 δέ
747 2298 832 2363 locos
855 2299 938 2363 inter
964 2318 998 2362 se
1020 2297 1220 2363 librariorum

210 2417 305 2500 culpa
319 2423 459 2481 mutasse
475 2416 635 2481 existimet
650 2415 724 2490 (vid.
735 2414 886 2480 Zeitsohr.
900 2414 921 2478 i.
935 2414 1093 2480 Altherth.
1115 2415 1221 2491 1851.)

212 2531 299 2608 Quae
334 2533 511 2596 coniectura
547 2551 735 2616 quamquam
772 2531 833 2596 loci
867 2529 1068 2596 difficultates
1099 2531 1223 2596 videtur

210 2648 371 2732 expedire,
394 2658 500 2712 tamen
525 2649 625 2729 magis
650 2649 792 2732 speciosa
815 2668 908 2731 quarn
937 2668 1010 2712 veru
1034 2655 1090 2712 ost.
1142 2647 1221 2711 Nam

210 2783 314 2846 neque
348 2765 503 2847 quomodo
539 2783 665 2842 casuum
704 2763 836 2828 mutatio
871 2763 955 2827 iacta
989 2764 1031 2827 sit
1064 2762 1222 2844 intellego,

210 2900 312 2963 neque
327 2879 515 2945 Pausaniam
532 2881 636 2964 ipsum
653 2880 749 2944 verba
764 2882 806 2968 τῷ
823 2875 988 2967 δὲὈξύληο
1006 2879 1044 2943 ad
1061 2879 1224 2962 sequentia

212 3003 347 3079 Πιερίαν
369 3003 430 3079 μέν
447 3046 454 3062 .
473 3044 481 3061 .
500 3044 507 3061 .
531 2997 642 3060 referri
665 2995 801 3060 voluisse
817 3005 902 3080 puto,
928 3015 999 3060 cum
1016 3002 1151 3080 Πιερίαν
1165 3001 1225 3079 μέν

210 3111 530 3197 -μνημονεύουσιν
559 3120 594 3176 ut
621 3113 786 3196 permultis
816 3112 886 3177 aliis
915 3112 993 3178 loeis
1022 3133 1039 3176 a
1067 3097 1225 3177 Pausania

212 3235 363 3310 tanquam
391 3229 572 3313 parenthesi
595 3230 792 3293 substantivo
815 3229 954 3310 graviter
975 3229 1148 3314 praemisso
1170 3229 1224 3294 ad-

211 3344 352 3408 iunctum
378 3344 429 3425 sit,
453 3345 499 3408 ita
522 3351 557 3408 ut
580 3350 622 3432 τῷ
647 3347 683 3409 δὲ
699 3341 821 3432 Ὀξύλῳ
850 3345 889 3408 ad
913 3345 1041 3409 verbum
1071 3350 1226 3425 γενέσθαι

214 3460 383 3544 pertineat3
409 3461 464 3524 cfr.
487 3461 735 3526 constructiones
751 3460 929 3525 simillimas
952 3459 991 3524 X.
1008 3463 1039 3526 9.
1057 3462 1086 3526 2.
1105 3460 1225 3548 Φαΰλῳ

213 3576 250 3641 δὲ
273 3573 486 3663 Κροτωνιάτῃ,
507 3611 549 3620 -
569 3577 711 3659 sequitur
734 3575 987 3660 parenthesis-
1009 3574 1121 3642 τούτου
1143 3579 1227 3643 ἐστὶν

215 3688 351 3774 ἇνδριοές
368 3739 402 3757 ..
425 3690 477 3756 IV.
494 3695 525 3757 4.
543 3695 590 3774 ta,
622 3695 671 3757 18.
696 3693 726 3756 1.
774 3691 938 3758 Genitivus
966 3698 1072 3758 autem
1093 3689 1227 3772 Ὀξύλου

286 3939 307 4004 ¹)
326 3935 375 3992 cir.
393 3937 543 3992 Hermanni
563 3937 654 3993 adnot.
675 3938 711 3992 ad
731 3939 792 4007 Vig.
812 3955 840 4007 p.
854 3939 897 3993 58.
