3080 4652
694 357 738 423 49

207 552 268 616 qno
284 534 416 615 agimus
431 540 646 600 συνάπτουσιν
662 570 704 580 -
722 534 804 618 ὅροι,
819 532 859 598 Χ.
877 535 930 600 33.
950 507 1001 599 12.
1020 535 1099 620 αὕτη
1114 535 1133 620 ἡ
1150 533 1225 611 ὁδὸς

206 648 295 734 καὶὴ
321 685 362 696 -
386 645 610 734 συμμίσγουσι)
633 650 684 715 vel
700 650 797 734 aliud,
822 651 999 735 disceptare
1028 671 1090 716 non
1115 651 1225 717 audeo.

273 765 428 851 Exposito
452 767 549 848 igitur
572 766 672 831 dativi
696 787 773 848 usu,
801 768 855 851 qui
884 767 923 832 ad
947 767 1145 834 substantiva
1168 767 1224 832 ad-

206 882 304 947 ieotus
328 888 384 948 aut
406 902 477 948 oum
503 883 598 948 verbo
621 881 711 947 finito
735 883 805 967 ipso
829 883 1066 965 coniungendus
1091 891 1145 949 aut
1169 904 1225 969 per

206 998 331 1084 ellipsin
367 1001 526 1085 participii
562 1020 601 1065 ex
642 1001 736 1066 verbo
777 1000 980 1082 intellegendi
1016 1001 1223 1086 explicandus

205 1124 262 1198 est,
286 1135 371 1180 nuno
395 1117 532 1181 breviter
556 1116 594 1182 de
618 1116 724 1181 dativo
749 1117 865 1199 diuam,
890 1116 944 1200 qui
961 1137 1047 1182 more
1068 1116 1223 1202 poetioo¹)

203 1251 262 1316 pro
287 1232 522 1317 praepositione
545 1234 581 1298 ἐν
605 1232 654 1297 vel
677 1234 731 1298 ἐπί
755 1233 880 1298 videtur
902 1233 1025 1317 positus
1050 1253 1127 1298 esse.

273 1346 315 1412 Ut
338 1349 421 1413 enim
439 1349 522 1434 apud
538 1347 724 1432 Euripidem
740 1348 835 1414 Baoh.
859 1370 888 1413 v.
913 1351 979 1414 310
1006 1349 1155 1432 legimus:
1179 1348 1223 1435 μὴ

203 1464 239 1530 τὸ
262 1465 379 1549 κράτος
403 1465 494 1548 αὔχει
516 1465 657 1550 δύναμιν
680 1463 874 1549 ἀνθρώποις
897 1467 972 1549 ἔχει,
1000 1466 1046 1530 ita
1078 1466 1224 1531 similiter

204 1582 290 1667 apud
320 1581 511 1646 Pausaniam
541 1581 607 1646 VII.
629 1584 660 1647 6.
682 1584 712 1647 2.
740 1580 823 1668 ἦσαν
852 1583 888 1646 δὲ
917 1581 951 1647 τὸ
980 1575 1137 1665 μέγιστονι
1158 1595 1224 1658 τοῖς

203 1695 351 1780 ’Λχοιιοῑς
381 1699 505 1780 ἔχοντες
533 1696 705 1780 κράτος..
735 1697 819 1780 qnod
847 1699 1108 1783 interpretamur:
1138 1699 1223 1783 apud

202 1815 349 1878 Achaeos
383 1813 595 1898 principatum
631 1814 835 1878 obtinuerunt
868 1812 926 1878 filii
958 1814 1137 1894 Tisameni;
1173 1813 1223 1878 vel

203 1937 238 1994 ut
264 1928 441 1994 Herodotus
472 1930 581 1994 seribit
607 1928 659 1994 VI.
678 1931 729 1996 70.
759 1929 845 1995 ἄλλα
874 1955 907 1995 τε
935 1932 1223 2015 Λακεδαιμονίοισι

202 2047 306 2131 συχνοὶ
330 2047 449 2129 ἔργοισί
470 2071 505 2110 τε
519 2051 573 2110 καὶ
592 2046 736 2133 γνώμῃσι
751 2045 1055 2131 ἀπολαμπρυνθείς,
1079 2047 1125 2111 ita
1140 2046 1222 2111 Pau·

203 2164 311 2229 sanias
346 2162 489 2226 dativum
525 2160 672 2226 similiter
707 2169 840 2247 usurpat
867 2161 908 2226 X.
925 2165 978 2230 35.
997 2164 1027 2227 2.
1051 2167 1105 2227 aut
1128 2164 1222 2230 τοῦδε

202 2287 297 2347 ἕνεκα
326 2289 359 2346 οἳ
380 2306 413 2344 τε
436 2281 472 2344 ἐν
494 2281 530 2372 τῇ
552 2277 720 2361 Ἁλιαρτίᾳ
754 2283 829 2345 ναοὶ
863 2283 918 2344 καὶ
945 2275 1139 2364 Ἀθηναίοις
1168 2282 1223 2362 τῆς

202 2399 305 2480 Ἤρας
339 2398 392 2462 ἐπὶ
426 2394 492 2485 ὁδῷ
527 2398 562 2488 τῇ
597 2397 766 2487 Φαλαρικῇ
799 2398 854 2460 καὶ
878 2394 895 2460 ὃ
923 2397 976 2460 ἐπὶ
1012 2395 1153 2483 Φαλήρῳ
1177 2437 1221 2448 -

201 2512 369 2598 ἡμίκαυτοι
392 2519 536 2597 μένουσι,
559 2514 612 2578 ubi
636 2512 821 2594 Pausanias,
849 2512 962 2596 quibus
986 2511 1149 2577 infinibus
1167 2514 1221 2577 de·

201 2629 294 2694 lubra
311 2649 329 2692 a
345 2627 450 2693 Persis
467 2638 667 2694 concremata
683 2628 899 2709 ostendantur,
925 2635 1051 2708 nar·rat;
1075 2629 1223 2692 similiter

203 2745 300 2810 etiam
323 2743 363 2809 X.
381 2745 412 2810 5.
433 2748 483 2808 ll.
503 2742 673 2829 Ῥωμαίοις
704 2745 739 2809 δὲ
769 2742 788 2829 ἦ
812 2739 918 2828 ἆγοροὶ
945 2748 1106 2828 μεγέθους
1129 2749 1222 2808 ἕνεκα

202 2866 258 2926 καὶ
285 2863 479 2946 κατασκευῆς
501 2863 555 2946 τῆς
583 2860 681 2947 ἄλλης
710 2861 828 2944 θαῦμα
859 2858 939 2926 οὖσα
965 2865 1139 2942 παρέχεται
1167 2858 1222 2926 τὸν

203 2977 337 3064 ὄροφον.

272 3091 331 3156 Per
354 3092 625 3177 praepositionem
651 3090 776 3178 „apud“
806 3092 901 3157 etiam
926 3091 959 3156 hi
982 3092 1042 3157 looi
1066 3093 1221 3177 interpre-

202 3209 291 3275 tandi
315 3215 402 3274 sunt=
427 3208 450 3274 Ι.
468 3211 521 3276 33.
541 3211 569 3274 7.
595 3212 665 3276 ἐπεὶ
687 3210 767 3296 μηδὲ
782 3215 978 3294 Σμυρναίοις
1000 3207 1040 3274 τοὶ
1056 3249 1100 3261 -
1117 3199 1221 3287 ξόανα

203 3329 266 3411 ἔχει
293 3329 406 3412 πτερά.
430 3363 473 3372 -—
497 3326 549 3392 IV.
569 3329 597 3391 7.
616 3328 646 3392 8.
671 3340 736 3401 τοϊς
764 3328 800 3391 δὲ
831 3333 1023 3412 Μεσσηνίοις
1052 3325 1134 3391 κατὰ
1161 3327 1221 3409 μὲν

203 3442 238 3510 τὸ
265 3443 371 3522 δεξιὸν
399 3444 464 3508 τῶν
493 3444 612 3508 Δακεδ.
637 3439 866 3508 ἀντετάσσοντο
885 3441 1084 3525 Ἄντανδρός
1111 3445 1221 3506 τεκαὶ

202 3557 289 3647 Erip.
317 3562 338 3626 i.
356 3581 382 3626 e.
412 3558 496 3644 apud
530 3557 704 3624 Messenios
739 3557 868 3624 dextero
903 3556 1016 3624 Laced.
1053 3577 1151 3624 cornu
1186 3577 1224 3622 se

203 3683 419 3761 opposuerunt
451 3678 526 3741 Ant.
564 3682 596 3740 et
629 3674 732 3760 Euph.
769 3673 966 3740 vl1.24.1.
1003 3677 1149 3755 Αἰγιεῦσι
1184 3673 1225 3738 δὲ

275 3924 295 3986 ¹)
315 3920 371 3976 vid.
384 3921 555 3992 Bernhardy,
574 3921 647 3976 wiss.
662 3921 765 3990 Syntax
783 3936 811 3989 p.
825 3921 867 3974 77.

1040 4008 1059 4060 4
