3080 4652
760 420 780 483 6

266 593 402 678 ’Λργείοι
424 600 616 680 Δηϊανείρας
638 595 673 660 ἐν
694 593 802 681 ’Ἀργει
825 596 935 680 μνῆμα
963 599 1047 662 εἶναι
1074 599 1127 682 τῆς
1156 599 1277 672 Οἰνέως

264 708 299 775 τό
321 734 354 774 τε
371 707 499 776 Ἑλένου
522 711 578 776 τοῦ
601 708 759 794 Πριάμου.
800 709 853 776 ΙΙΙ.
880 712 930 776 15.
949 713 978 778 8.
1011 709 1101 801 ἡρῷα
1126 760 1161 777 ..
1186 711 1277 778 Κόδ-

262 850 325 910 μου
340 827 396 893 τοῦ
409 822 597 912 Ἀγήνορος,
618 828 681 893 τόν
701 852 734 892 τε
750 823 935 908 ἀπογόνων.
966 827 990 892 Ι.
1007 829 1061 894 38.
1079 830 1111 893 6.
1127 827 1207 902 ναός
1223 877 1231 893 .
1245 875 1277 894 ..

264 947 368 1028 φρέαρ
391 967 424 1007 τε
449 990 484 1007 ..
506 941 547 1006 X.
567 944 652 1009 15.1
763 939 1034 1028 καλἎρτέμιόος,
1058 942 1093 1009 τό
1117 945 1153 1010 δὲ
1169 940 1276 1029 Ἀθη-

262 1059 340 1135 νᾶς,
368 1055 427 1124 όόο
454 1083 487 1122 τε
516 1054 726 1135 ’Λπόλλωνος
748 1055 935 1145 ἀγάλματα.
973 1059 1040 1125 Vll.
1066 1061 1095 1127 2.
1118 1061 1148 1126 2.
1183 1062 1218 1125 ἒιι
1241 1061 1277 1126 δέ

263 1176 315 1256 τῆς
344 1172 503 1249 Ἕλλόόος
529 1180 631 1258 τρίτος
662 1173 701 1260 δὴ
728 1169 822 1251 οὗτος
850 1173 960 1252 στόλος
994 1173 1058 1242 ὑπὸ
1093 1179 1277 1260 βασιλεῦσιν

263 1285 405 1365 ἀλλοίοις
428 1289 533 1372 ὄχλοις
556 1315 589 1354 τε
612 1286 754 1367 ἀλλοίοις
783 1290 981 1376 ἐστάλησαν,
1009 1291 1064 1357 ubi
1094 1290 1276 1357 Siebelisins

262 1409 346 1470 uerte
380 1405 568 1490 particulam
602 1411 636 1471 τέ
673 1406 896 1472 eliminandam
933 1413 967 1474 et
1000 1406 1106 1490 ὄχλοις
1134 1403 1277 1482 ἀλλοίοις
1400 1413 1403 1418 ’

263 1539 333 1584 oum
357 1520 536 1607 ἐστάλησαν
558 1520 810 1602 coniungendum
841 1542 910 1588 esse
936 1523 1065 1588 iudiout.
1113 1521 1175 1588 Sed
1200 1523 1284 1588 mihi

262 1655 324 1701 non
349 1637 452 1702 minus
476 1636 600 1702 videtur
622 1644 767 1704 constare
791 1639 867 1704 haee
890 1638 952 1704 duo
981 1639 1179 1704 substantiva
1202 1660 1276 1725 par-

263 1752 361 1818 tioula
387 1759 420 1818 τέ
449 1753 596 1838 copulata
623 1777 641 1820 e
664 1755 899 1840 praepositione
921 1753 985 1822 ὑπό
1015 1754 1153 1840 pendere
1181 1774 1276 1838 quam

262 1867 451 1933 Pausaniam
475 1867 643 1934 relationes
668 1869 746 1934 duas
775 1869 945 1935 dissimiles
974 1870 1085 1936 eadem
1114 1871 1276 1955 praeposi·

261 1985 347 2049 tione
370 1988 567 2066 connectere3
595 2004 667 2050 nam
696 1983 761 2052 ὑπὸ
783 1987 969 2069 βασιλεῦσιν
1000 1982 1142 2061 ἀλλοίοις
1166 1991 1201 2051 ut
1220 1984 1274 2050 IX.

262 2101 314 2166 37.
342 2101 371 2164 'l.
399 2096 461 2166 ἀπὸ
495 2099 617 2178 τοότοις
654 2100 787 2188 ἡγεμόσι
821 2100 950 2168 Μινόαι
984 2100 1208 2186 στρατεύουσιν
1242 2103 1275 2177 ές

264 2222 386 2300 Τροίαν
408 2216 702 2302 interpretabimur:
732 2217 863 2283 ducibus
892 2218 1027 2302 exteris,
1056 2217 1111 2282 sed
1134 2215 1197 2284 ὑπὸ
1219 2216 1275 2299 ὄχ-

165 2323 167 2327 ’
263 2334 330 2408 λοις
353 2329 509 2408 ἀλλοίοιςε
532 2333 703 2398 eomitante
727 2333 777 2398 rel
800 2333 969 2399 adiuvante
992 2332 1196 2398 multitudine
1221 2353 1276 2397 ex-

263 2455 345 2530 tera,
380 2468 460 2532 quae
495 2447 683 2530 significatio
712 2449 886 2514 sustinetur
914 2448 991 2514 loeis
1023 2453 1059 2513 ut
1085 2446 1138 2513 Ill.
1172 2449 1221 2512 ll.
1243 2450 1274 2514 5.

262 2561 326 2629 ἀπό
342 2562 448 2648 ,λόρας
471 2567 526 2628 καὶ
549 2563 693 2649 κιθόρας
715 2562 902 2650 ιιροόσμασι.
926 2564 980 2630 ΙΧ.
1008 2567 1098 2631 12.5
1121 2569 1200 2651 μέλη
1223 2562 1276 2631 ὑπ’

261 2675 371 2756 αάλοίς
395 2728 430 2745 ..
454 2678 520 2745 Vll.
544 2681 597 2746 25.
622 2681 673 2745 10.
703 2687 839 2765 μαντεία
867 2682 903 2760 όὲ
930 2677 993 2748 ἀπό
1024 2687 1137 2747 πίνακί
1162 2707 1195 2746 τε
1221 2684 1276 2745 καὶ

261 2791 476 2881 ἀστραγάλοις
498 2796 593 2863 ἔστιν.
639 2799 721 2862 Item
745 2797 806 2861 alio
829 2797 898 2862 looo
922 2797 1039 2862 iniuria
1066 2797 1167 2862 eritiei
1195 2795 1276 2860 Pan·

262 2911 369 2976 suniae
391 2931 482 2977 usum
507 2913 663 2997 poeticum
689 2911 844 2997 quendam
866 2912 1111 2999 praepositionis
1134 2909 1198 2980 ἀπό
1221 2912 1275 2977 ab·

262 3033 462 3109 rogaverunt.
479 3025 533 3092 Ill.
550 3031 638 3094 18.1.
653 3029 748 3111 enirn,
771 3029 824 3095 ubi
847 3029 962 3112 legitur
984 3025 1072 3118 αὐτῷ
1096 3028 1151 3116 τὴν
1166 3032 1273 3095 τελευ-

261 3143 317 3229 τὴν
344 3141 409 3210 ἀπὸ
434 3138 629 3229 Ἀμφιαρόῳ
656 3148 813 3224 γενέσθαι
835 3147 972 3225 λέγουσι,
1001 3145 1053 3210 oui
1070 3144 1139 3211 loeo
1162 3123 1292 3210 similisv

261 3265 310 3324 est
343 3257 474 3324 Homeri
501 3257 540 3324 ll.
567 3263 617 3324 11.
641 3261 716 3326 262.
757 3257 810 3325 ἀπ’
846 3255 993 3347 Ἀτρείδη
1029 3260 1153 3346 πότμον
1193 3257 1275 3327 ἀνα-

260 3373 449 3460 πλήσαντες,
466 3373 650 3458 Clausulas,
668 3373 862 3459 Siebelisius,
877 3374 1089 3441 Buttmannus
1101 3378 1274 3458 genitivum

259 3511 317 3575 pro
341 3489 447 3555 dativo
469 3489 665 3574 flagitabant,
690 3511 880 3577 quamquam
898 3491 1071 3558 Pausanias
1094 3493 1169 3558 item
1191 3490 1272 3556 Vlll.

263 3608 313 3673 19.
330 3611 361 3674 3.
386 3603 449 3675 ἀπὸ
471 3605 567 3684 κυνός
589 3615 782 3692 κατασχέτου
805 3608 903 3698 λόσση
925 3609 1074 3694 loquitur.
1153 3616 1154 3619 ’

326 3723 485 3790 Partioula
519 3729 552 3789 τέ
588 3725 723 3807 inserta,
759 3724 842 3809 quod
876 3726 939 3791 iam
968 3724 1127 3790 Porsonus
1162 3724 1275 3809 voluit,

260 3840 354 3906 etiam
384 3839 471 3906 loeus
499 3840 554 3926 qui
583 3839 698 3923 legitur
725 3838 807 3906 Vlll.
839 3843 892 3907 51.
917 3844 947 3908 2.
978 3862 1017 3908 ex
1044 3840 1150 3927 aliqua
1185 3848 1275 3927 parte

259 3955 337 4020 mihi
362 3955 485 4048 videtur
508 3956 668 4023 emendari
692 3976 800 4041 posse;
831 3977 912 4042 qnae
939 3957 1118 4024 emendatio
1142 3956 1274 4024 Porsoni
