3080 4652
705 366 748 430 55

287 545 323 610 ἐν
346 543 382 613 δὲ
403 543 501 628 χορὸν
523 545 665 610 ποίκιλλε
687 543 870 627 περικλυτὸς
893 538 1097 630 ἀμφιγυήεις,

273 662 330 748 τῷ
353 661 460 725 ἴκελον
483 657 554 725 οἷόν
576 662 645 724 ποτ’
669 660 718 724 ἐνὶ
742 661 862 747 Κνωσῷ
885 655 988 745 sinain

289 776 453 851 dulciculae
476 774 608 861 ἢσκησεν
631 773 881 862 καλλιπλοκάμῳ
897 771 1062 863 Ἀριάδνη.

222 898 254 957 et
277 893 345 975 ipso
368 912 435 956 rem
460 892 555 956 iterat
577 889 632 955 lX.
649 892 703 955 40.
721 893 752 957 3.
784 891 836 956 nbi
867 891 906 956 de
932 890 1065 957 Daedali
1095 890 1237 956 artificiis

223 1006 346 1071 scribit:
369 1011 424 1071 καὶ
447 1005 465 1072 ὁ
489 1009 542 1091 τῆς
558 1003 729 1092 Ἀριοέδνης
757 1005 863 1091 χορός,
892 1002 931 1073 οὗ
958 1010 1013 1071 καὶ
1033 1006 1170 1091 Ὄμηρος
1202 1009 1238 1072 ἕν

223 1119 480 1208 Ἰλιοὲδιμνήμην
495 1121 677 1208 ἐποιήσατο.
709 1121 919 1199 Quamobrem
935 1120 1124 1186 Pausaniam
1142 1126 1237 1188 etiam

224 1239 281 1303 hoc
303 1238 371 1304 loco
395 1238 523 1304 chorum
540 1237 701 1304 Ariadnae
717 1240 836 1302 factum
853 1258 922 1303 esso
938 1237 1057 1303 dixisse
1080 1244 1112 1303 et
1134 1237 1237 1303 locum

222 1356 270 1419 oic
291 1354 520 1420 restituendum
544 1374 613 1420 esse
637 1354 798 1420 existimo:
822 1352 939 1430 εἰκάζει
961 1356 1046 1442 χορῷ
1070 1353 1238 1420 Δαιδάλου

223 1475 392 1555 ποιηθέντι
414 1473 456 1562 τῇ
469 1467 673 1558 Ἀριάδνη,
696 1490 724 1536 σ.
741 1494 770 1536 ο.
786 1476 825 1535 θ.
870 1469 918 1535 De
943 1471 1109 1536 verborum
1134 1475 1239 1535 autem

223 1585 427 1651 collocatione
449 1586 505 1650 cfr.
528 1585 710 1651 [V.1r.11
740 1588 799 1672 ἔπη
823 1584 951 1652 Ῥιολνοο
978 1591 1179 1670 πεποιημένα
1207 1587 1240 1661 λς

223 1702 295 1777 τοὺς
318 1711 361 1768 A.
385 1707 417 1766 et
443 1699 483 1766 X.
502 1701 555 1767 38.
583 1706 633 1767 11.
658 1702 767 1768 ἔπεσιν
796 1698 915 1786 ἀνδρὸς
943 1709 991 1768 Μ.
1015 1707 1240 1788 πεποιημένοις

225 1819 258 1893 ἐς
279 1842 311 1898 γ.

283 1931 354 2028 ¹Sed
377 1933 455 1999 haec
471 1934 597 2018 quidem
614 1934 775 2000 hactenus.
807 1933 857 2000 Ex
873 1935 912 2000 iis
936 1941 1041 2000 autern
1062 1953 1142 2018 quae
1158 1933 1241 1998 dixi·

225 2069 295 2113 mus
318 2068 382 2114 non
405 2069 521 2134 paucas
550 2069 626 2115 usus
655 2050 829 2134 particulae
858 2057 891 2116 τέ
914 2056 946 2116 et
973 2050 1072 2115 dativi
1096 2050 1240 2135 proprio·
1303 2131 1305 2136 ,

224 2171 306 2229 tates
331 2165 416 2249 apud
439 2163 628 2229 Pausaniam
653 2171 761 2230 extare
785 2172 817 2230 et
840 2184 949 2230 earum
966 2155 1177 2247 cognitionem
1201 2164 1240 2229 ad

226 2280 340 2344 multos
363 2278 449 2345 locos
471 2280 698 2363 intellegendos
722 2285 778 2345 ant
801 2280 1013 2346 emendandos
1029 2281 1238 2347 necessariam

226 2415 295 2461 ease
318 2395 396 2461 satia
421 2403 584 2483 appareat.
