3080 4652
701 345 739 408 17

215 519 288 602 loci,
311 518 365 584 nbi
388 525 476 584 τέ-
490 520 526 584 δὲ
541 526 596 585 καί
611 540 644 584 se
661 519 823 604 excipiunt
842 524 878 584 ut
893 519 944 584 Vl.
962 523 993 586 6.
1013 522 1043 586 7.
1067 516 1230 587 Ὀδυσσέα

217 671 257 679 -
285 639 520 719 κατενεχθῆναί
551 656 633 722 φασι
674 637 706 712 ἔς
735 663 768 701 τε
792 636 894 712 ἄλλας
929 640 993 703 τῶν
1021 671 1063 680 -
1092 636 1229 714 πόλεων,

151 753 153 757 ’
216 747 396 837 ἀφικέσθαι
425 752 460 817 δὲ
489 759 544 817 καί
570 754 603 828 ἐς
635 757 791 836 Τεμέσαν.
821 751 871 817 Vl.
891 755 943 820 26.
961 754 992 818 2.
1037 741 1175 819 Ἠλείων
1198 779 1230 818 τε

216 867 247 933 οἳ
270 867 481 952 δοκιμώτατοι
511 868 642 952 ἄνδρες,
673 867 732 934 σὺν
755 864 864 944 αιίτοίς
893 869 1006 933 δὲκαὶ
1029 874 1166 946 ξένοι..
1189 868 1228 933 Χ.

216 985 269 1048 28.
287 986 317 1048 6.
364 980 540 1078 Ἀθηναῖοί
562 1009 595 1049 τε
618 984 701 1067 δῆλα
725 987 880 1070 ἐποίησαν
896 1022 938 1034 -
954 983 1094 1071 ἐδήλωσε
1118 985 1154 1050 δὲ
1177 989 1231 1050 καί

216 1097 233 1164 ὃ
257 1101 422 1185 Μῆδος..
448 1098 507 1164 Hic
530 1099 607 1164 locis
631 1099 804 1164 Pausanias
828 1099 916 1165 nulla
945 1121 978 1165 ra
1006 1099 1230 1166 coactus'con-

215 1215 420 1280 structionem
456 1216 592 1280 variavit
627 1223 658 1280 et
687 1235 740 1281 eas
768 1223 892 1300 partes,
927 1236 1005 1300 quas
1035 1237 1097 1281 non
1128 1218 1230 1281 minus

215 1336 288 1415 apte
311 1339 460 1415 tanquam
485 1331 632 1416 aequales
656 1353 713 1417 per
736 1340 821 1397 τί-
835 1339 890 1398 καί
912 1333 1016 1418 potuit
1032 1352 1230 1418 componere,

215 1466 272 1530 per
295 1451 433 1514 τέ-δί
456 1431 698 1533 sihi³opposnit

282 1563 351 1628 Non
376 1565 467 1649 pauci
493 1571 596 1628 antem
622 1571 732 1630 extant
753 1565 829 1647 loci,
858 1566 890 1629 in
921 1565 1034 1649 quibus
1056 1564 1230 1631 Pausanias

215 1679 391 1744 membrum
418 1679 544 1763 aliquod
568 1681 749 1764 parenthesi
773 1681 938 1745 interiecta
961 1699 1031 1746 cum
1050 1681 1149 1746 altero
1174 1699 1230 1764 per

216 1801 249 1858 τέ
274 1831 315 1840 -
345 1796 382 1860 δέ
405 1795 572 1878 connectit,
595 1797 641 1860 ita
663 1802 699 1861 ut
721 1795 880 1860 nonnullis
908 1795 985 1861 locis
1014 1796 1171 1881 particula
1194 1798 1231 1862 δέ

216 1913 317 1992 magis
344 1910 500 1996 particula
527 1915 602 1995 μέν,
638 1932 717 1994 quae
751 1912 786 1976 in
818 1912 1000 1996 parenthesi
1033 1914 1138 1998 posita
1171 1921 1230 1995 est,

217 2047 309 2111 quam
335 2028 535 2112 praecedenti
558 2034 592 2092 τέ
616 2015 760 2092 videatur
783 2029 984 2113 respondere.
1019 2027 1070 2093 Sic
1086 2029 1230 2094 videmus

216 2143 256 2208 V.
276 2145 326 2209 14.
345 2145 374 2209 l.
421 2145 498 2221 Διός
520 2171 553 2210 τε
578 2144 718 2229 Ἑρκείου
740 2147 980 2230 -parenthesi
1005 2146 1171 2212 interiecta
1186 2183 1229 2192 -

216 2281 273 2345 per
301 2263 344 2350 τῷ
374 2262 410 2326 δὲ
440 2268 605 2346 Κεραυνίῳ
628 2268 730 2327 Διί..
756 2263 990 2328 constructione
1025 2283 1082 2348 per
1117 2284 1231 2328 anaco-

215 2375 348 2440 luthiam
371 2383 494 2442 mutata
517 2385 699 2463 exceptnm;
723 2379 799 2444 item
822 2378 876 2443 Vl.
894 2380 925 2443 3.
944 2381 985 2444 12
1010 2378 1108 2445 ἄλλοι
1130 2406 1163 2445 τε
1187 2415 1229 2425 -

216 2493 364 2572 ἐγένοντο
387 2527 431 2536 -
455 2489 642 2571 ἀνάστατοι,
665 2497 822 2578 κατέλαβε
845 2496 958 2560 δέ...
983 2493 1108 2571 Quare
1132 2494 1230 2560 Schn-

217 2586 340 2673 bartnm
365 2609 500 2694 probare
527 2629 589 2674 non
619 2630 764 2695 possum,
795 2611 848 2693 qui
877 2609 917 2677 X.
937 2613 989 2678 10.
1006 2612 1038 2693 5,
1062 2611 1116 2676 nbi
1139 2610 1229 2675 codd.

216 2729 342 2808 praeter
365 2724 421 2789 La.
440 2724 557 2790 habent
580 2722 757 2809 ἀπαντικρὺ
786 2727 822 2790 δὲ
850 2722 957 2792 αὐτῶν
988 2723 1175 2810 ἀνδριάντες
1198 2733 1231 2791 τέ

218 2845 298 2907 εἰσιν
325 2841 433 2907 ἄλλοι·
458 2842 587 2918 τούτους
609 2843 645 2908 δὲ
668 2839 834 2909 ἀνέθεσαν
857 2843 887 2908 οἱ
910 2839 1051 2927 Ἀργείου
1071 2869 1230 2927 -μετα-

218 2956 359 3039 σχόντες·
385 2955 500 3044 ἧριδων
522 2959 559 3024 δέ
581 2963 660 3024 είσιν
684 2959 718 3024 αἶ
734 2958 865 3035 εἰκόνες,
890 2959 1078 3044 particulam
1102 2966 1136 3024 τέ
1159 2966 1231 3044 post

217 3070 405 3157 ἀνδριάντες
433 3080 587 3156 tanquam
616 3074 756 3159 ineptam
782 3073 880 3158 delet,
912 3075 1055 3158 quamvis
1075 3081 1109 3140 τί
1129 3111 1169 3122 -
1195 3077 1232 3141 δέ

216 3188 358 3270 longiore
373 3191 538 3256 interiecta
561 3191 743 3275 parenthesi
768 3191 827 3256 sibi
851 3192 1043 3276 respondere
1068 3199 1229 3276 appareat.

215 3304 324 3390 Neque
359 3307 464 3371 minus
499 3307 615 3371 iniuria
645 3306 828 3372 Siebelisius
864 3313 895 3372 et
923 3306 1000 3372 SW
1035 3307 1231 3374 offenderunt

216 3422 249 3485 in
273 3421 340 3487 loco
364 3420 404 3487 X.
427 3423 518 3488 33.9
545 3422 598 3487 ubi
627 3422 756 3503 legitur:
786 3421 903 3507 ταύτην
931 3421 987 3509 τὴν
1016 3420 1231 3511 Ἀμφίκλειαν

215 3537 413 3622 ἐλυμήναντο
438 3547 524 3604 οἵτε
547 3536 711 3622 ἐπιχάριοι
738 3541 781 3626 τῷ
805 3535 953 3622 ὀνόματι,
980 3543 1035 3604 καὶ
1060 3539 1230 3623 Ἡρόδοτος

216 3654 275 3736 μὲν
297 3649 499 3741 Ἀμφίκαιαν
522 3652 672 3720 ἐκάλεσεν
695 3690 735 3700 -
762 3651 992 3740 Ἀμφικτύονες
1015 3655 1052 3720 δέ
1067 3690 1109 3698 -
1126 3654 1230 3738 ὄνομα

216 3768 331 3836 ἔθεντο
354 3766 433 3862 αὐτῇ
456 3766 680 3857 Ἀμφίκλειαν.
727 3769 910 3836 Siebelisius
940 3770 1023 3838 enim
1052 3769 1230 3853 suspicatur

216 3885 311 3950 verba
335 3888 389 3950 καὶ
417 3884 643 3974 Ἀμφικτύονες
668 3893 741 3952 ante
766 3884 939 3969 Ἡρόδοτος
962 3885 1128 3962 excidisse,
1154 3883 1230 3952 SW

1051 3989 1069 4044 2
