3080 4652
840 335 883 400 32

357 509 537 593 scrupulum
574 511 691 575 iniecit.
727 509 781 575 IX.
806 512 901 576 38.4
937 510 1020 576 enim
1055 510 1186 592 legitur:
1226 515 1281 578 καὶ
1314 516 1371 578 τοῦ

350 625 499 692 Ἠσιόδου
526 652 559 691 τε
587 624 627 690 τὰ
653 622 730 691 tcta
757 622 852 711 εὖρον
878 628 914 692 ἓν
936 628 1069 714 χηραμῷ
1097 631 1150 712 τῆς
1174 633 1292 712 πέτρας
1315 633 1370 692 καὶ

356 744 480 822 ἐλεγεῖα
507 743 560 808 ἐπὶ
588 744 630 830 τῷ
658 741 799 826 μνήματι
828 745 1070 827 ἐπιγέγραπται.
1122 741 1313 826 Goettlingio
1337 745 1370 808 in

357 857 484 922 Hesiod.
516 857 614 942 praef.
643 878 695 943 pg.
716 858 783 924 Vll.
813 859 963 924 suadente
992 857 1079 924 SW.
1115 859 1303 944 particulam
1338 869 1371 924 ιέ

357 973 455 1038 deleri
479 973 601 1054 volunt;
626 981 709 1040 certe
733 975 858 1058 nequis
876 974 981 1056 elegos
996 976 1083 1060 ipsos
1100 995 1224 1058 quoque
1239 974 1369 1040 Hesiodi

355 1089 453 1153 fuisse
476 1090 637 1173 opinetur!
685 1089 746 1155 Sed
769 1090 918 1156 hocloco
951 1111 1002 1156 res
1033 1091 1111 1157 duas
1138 1090 1369 1172 memorabiles,

357 1225 429 1269 ossa
455 1203 583 1270 Hesiodi
607 1213 638 1271 et
661 1206 765 1287 elegos
789 1205 931 1290 sepulcro
954 1207 1134 1292 inscriptos,
1159 1206 1287 1291 proprie
1310 1226 1370 1290 per

357 1327 446 1386 τέ-
463 1329 518 1387 καί
543 1322 706 1405 coniungi,
742 1322 825 1406 quod
854 1320 1027 1390 Pausanias
1062 1323 1167 1406 aptius
1195 1323 1241 1387 sic
1268 1322 1371 1407 potuit

358 1438 476 1502 elicere:
505 1441 560 1503 καὶ
586 1433 681 1521 εὗρον
707 1437 747 1502 ια’
773 1463 806 1502 τε
824 1437 975 1504 Ἡσιόδου
1003 1435 1078 1503 ὀστᾶ
1102 1441 1157 1503 καὶ
1179 1441 1303 1518 ἐλεγεῖα
1329 1473 1370 1482 -

358 1556 619 1638 ἐπιγεγραμμένα
652 1553 702 1618 vel
732 1553 892 1634 similiter,
927 1573 1019 1618 nemo
1054 1574 1116 1618 nou
1152 1553 1252 1634 videt3
1289 1553 1370 1637 quod

358 1691 432 1735 vero
458 1671 614 1751 genitivus
638 1669 787 1736 Ἡσιόδου
820 1669 1025 1735 substantivis
1054 1667 1133 1735 ὀστᾶ
1167 1675 1199 1735 et
1231 1669 1370 1754 μνήματι
1416 1673 1418 1680 “

358 1788 533 1852 communis
561 1793 623 1868 est,
652 1785 825 1851 Pausanias
855 1788 883 1850 ei
912 1787 1086 1869 praemisso
1122 1786 1309 1872 particulam
1338 1792 1371 1851 τέ

358 1904 453 1968 adicit
482 1909 515 1968 ut
540 1903 617 1968 locis
641 1923 738 1987 supra
760 1902 893 1968 collatis.
919 1938 963 1948 —
987 1902 1171 1984 Impeditior
1195 1911 1299 1968 autem
1324 1910 1371 1968 est

358 2019 443 2084 lucus
467 2017 522 2084 lx.
544 2023 574 2085 8.
592 2021 622 2083 3.
651 2021 686 2084 ἐκ
712 2020 748 2084 δὲ
781 2021 845 2085 τῶν
873 2021 1020 2085 Ποτνιῶν
1055 2022 1157 2085 ἰοῦσιν
1192 2021 1225 2095 ἐς
1259 2017 1370 2105 Θήβας

358 2138 442 2201 ἔστιν
470 2138 506 2202 ἐν
532 2137 623 2218 δεξιᾷ
655 2138 825 2219 περίβολος
858 2138 911 2221 τῆς
938 2134 1018 2200 ὁδοῦ
1051 2162 1083 2200 τε
1118 2132 1157 2201 od
1182 2142 1284 2219 μέγας
1317 2141 1371 2200 καὶ

358 2258 459 2328 κίονες
482 2254 517 2319 ἓν
540 2249 626 2340 αὐτῷ
645 2301 678 2317 ..
702 2250 822 2317 Porson
846 2250 1031 2335 particulam
1057 2257 1090 2316 τέ
1105 2252 1286 2336 transponit
1299 2256 1371 2336 post

359 2371 545 2452 περίβολος,
579 2367 650 2433 SW
681 2376 832 2452 tanquam
866 2369 1006 2452 ineptam
1043 2367 1156 2433 delent.
1216 2367 1279 2432 Sed
1314 2367 1371 2432 hoc

358 2482 427 2549 loco
456 2504 567 2549 moneo
596 2484 643 2566 id,
675 2484 758 2568 quod
788 2483 934 2548 Reiskius
964 2490 1038 2568 apte
1071 2485 1110 2548 ad
1134 2482 1158 2547 l.
1178 2485 1270 2549 21.2
1295 2483 1368 2563 (vid.

360 2600 408 2665 ed.
426 2598 523 2682 SW.)
549 2600 692 2665 adnotat:
723 2620 805 2683 „non
835 2599 915 2665 solet
941 2599 1115 2665 Pausanias
1140 2600 1309 2665 abhorrere
1333 2600 1370 2664 ab

361 2717 605 2782 intricatissimis
621 2717 788 2782 verborum
804 2716 1051 2799 deiectionibus,
1068 2717 1101 2780 in
1118 2715 1231 2798 quibus
1246 2715 1371 2796 linguae

360 2834 488 2913 ignarus
512 2832 698 2914 elegantiam
723 2830 926 2913 affectabat;“
953 2837 985 2896 et
1007 2831 1180 2897 Pfundtncr
1202 2832 1235 2896 in
1260 2831 1369 2896 disser.

363 2948 504 3030 Regium.
524 2951 619 3015 1866.
646 2947 812 3032 „affectata
841 2950 937 3030 igitur
965 2949 1170 3031 quaesitaque
1204 2949 1368 3013 verborum

362 3065 541 3146 collocatio,
577 3084 657 3147 quae
686 3072 717 3129 et
744 3066 829 3130 omni
863 3064 1059 3149 simplicitati
1089 3083 1125 3130 ac
1152 3065 1313 3128 nativitati
1341 3072 1372 3128 et

360 3181 445 3245 omni
468 3185 624 3265 repugnat
646 3201 788 3262 numero,
811 3201 891 3264 quae
914 3181 1103 3246 sententiam
1127 3199 1223 3264 saepe
1237 3179 1371 3260 caligine

360 3297 493 3380 quadam
518 3297 658 3379 obducit,
686 3297 820 3362 orationi
849 3296 1024 3362 Pausaniae
1052 3297 1181 3381 propria
1204 3294 1283 3362 est.“
1330 3295 1371 3360 Et

359 3434 479 3496 revera,
503 3420 650 3479 sexcenta
674 3434 802 3498 possum
818 3414 958 3495 proferre
974 3413 1131 3497 exempla,
1155 3414 1237 3478 unde
1253 3417 1371 3496 quanta

359 3530 557 3596 affectatione
571 3528 744 3594 Pausanias
755 3531 788 3595 in
806 3530 911 3596 verbis
929 3529 1120 3596 collocandis
1139 3549 1212 3594 usus
1225 3531 1278 3612 sit,
1294 3529 1370 3594 satis

360 3650 524 3731 appareat3
548 3666 649 3729 neque
672 3646 842 3730 quidquam
866 3646 951 3730 apud
975 3665 1046 3711 eum
1076 3647 1182 3710 tritius
1206 3651 1255 3710 est
1277 3665 1368 3728 quam

360 3763 439 3828 duae
464 3782 565 3842 voces,
589 3782 669 3846 quae
692 3770 777 3828 arcte
800 3771 891 3829 erant
908 3763 1153 3845 coniungendae,
1177 3761 1285 3827 multis
1301 3760 1370 3825 aliis

360 3880 551 3961 disiunctae3
569 3880 646 3945 haec
662 3879 808 3965 exempla
823 3886 898 3947 sunt
912 3880 1017 3946 nescio
1034 3900 1073 3944 an
1089 3899 1151 3945 non
1168 3877 1370 3962 gravissimas
