3080 4652
869 329 911 394 30

383 523 422 570 an
446 529 479 570 το
502 524 573 570 cum
598 501 640 571 ἇν
658 553 691 570 ..
715 503 894 589 copulatum
914 504 1048 586 margini
1065 504 1258 590 adscriptum
1282 510 1314 569 et
1328 505 1392 570 loco

383 620 484 686 alieno
508 621 659 684 insertum
685 620 736 702 sit,
761 621 807 686 ita
831 627 865 684 ut
888 640 962 702 vera
986 621 1029 685 sit
1051 620 1160 685 lectio:
1188 623 1341 704 μετέβαλε
1362 645 1393 684 τε

382 733 448 803 ἄνοι’
464 769 505 782 -
523 733 622 811 αὖθις
645 732 772 801 ἇυτσ..
796 736 828 800 in
853 736 957 800 medio
980 736 1133 819 relinquo.

449 851 498 918 Ex
522 852 570 917 his
593 852 695 917 tribus
718 851 795 917 locis
820 853 912 917 modo
937 854 1080 937 tractatis
1105 852 1195 934 solis,
1225 853 1279 936 qui
1304 872 1393 932 argu-

382 968 568 1034 mentationi
602 988 691 1034 meae
721 988 782 1033 non
808 969 1013 1051 assentietur,
1048 967 1237 1032 Pausaniam
1268 967 1393 1052 copula-

382 1083 499 1150 tionem
524 1091 579 1149 καί
594 1089 682 1150 -τέ
704 1085 908 1169 usurpavisse
931 1085 1049 1169 poterit
1064 1083 1261 1166 concludere,
1286 1061 1394 1168 quam-

383 1219 475 1282 quam
505 1198 562 1264 hos
588 1199 673 1265 locos
703 1201 817 1282 corrigi
845 1219 938 1285 posse
971 1202 1048 1265 satis
1081 1200 1289 1284 explicavisse
1319 1199 1393 1262 mihi

382 1315 499 1382 videor.

449 1429 572 1496 Minimi
599 1450 673 1496 vero
704 1432 855 1496 momenti
883 1451 936 1496 eos
959 1431 1044 1496 iocos
1068 1439 1159 1516 puto,
1192 1431 1246 1514 qui
1269 1432 1331 1495 iam
1355 1451 1393 1494 ex

382 1547 522 1614 codicum
560 1547 700 1630 vestigiis
734 1548 874 1632 corrupti
910 1547 1045 1612 habendi
1079 1556 1167 1630 sunt,
1203 1567 1391 1630 quamquam

383 1662 564 1730 Siebelisius
588 1664 682 1729 etiam
708 1664 756 1728 his
780 1663 1011 1748 copulationem
1029 1670 1083 1728 καί
1099 1699 1140 1708 -
1159 1669 1192 1728 τέ
1207 1663 1392 1729 confirmare

382 1785 522 1846 conatur.
570 1779 621 1845 Sic
644 1779 732 1845 locus
757 1778 931 1846 V11.10.6
955 1785 1009 1845 καὶ
1032 1783 1086 1846 ἐπί
1108 1805 1140 1844 τε
1160 1785 1319 1846 Σαπαίων
1341 1777 1395 1843 τὸν

381 1896 515 1978 βασιλέα
538 1892 755 1978 Ἀβρούπολιν
779 1895 958 1980 στράτευμα
981 1893 1125 1977 ἀγαγών
1141 1897 1288 1980 ἐποίησεν
1316 1891 1395 1960 ἄνα-

383 2009 514 2086 στατους
532 2058 539 2076 .
558 2058 591 2076 ..
615 2016 699 2076 certe
726 2011 893 2078 lacunosus
918 2018 982 2094 est,
1012 2017 1047 2076 ut
1071 2009 1142 2076 SW
1160 2011 1394 2090 indicaverunt3

383 2127 456 2209 quid
484 2146 557 2192 vero
585 2126 752 2206 exciderit,
788 2128 841 2192 vix
870 2134 975 2212 potest
1002 2128 1117 2208 conici3
1152 2147 1255 2210 neque
1290 2128 1394 2191 minus

384 2242 511 2308 mutilus
534 2242 620 2308 locus
643 2241 683 2307 X.
704 2243 756 2308 13.
777 2246 833 2326 10,
863 2263 955 2327 quem
981 2243 1116 2308 editores
1141 2244 1308 2308 restituere
1332 2262 1394 2306 non

382 2359 486 2424 conati
510 2363 595 2439 sunt3
619 2359 653 2423 in
677 2360 766 2425 codd.
783 2361 845 2424 est:
869 2356 1074 2443 ἀναθήματα
1091 2356 1213 2424 Ὀνάτα
1227 2361 1285 2425 τοῦ
1299 2362 1396 2438 Λίγι-

381 2473 476 2562 νητον
509 2478 563 2540 nat
591 2472 768 2542 Καλῦνθοα
798 2501 831 2540 τε
857 2477 923 2540 ἐστι
944 2496 1117 2559 κωσιοργον
1141 2479 1202 2548 (vel
1226 2475 1394 2540 verborum

381 2590 607 2676 incompositae
630 2589 803 2675 reliquiae).
836 2589 1003 2658 Brausium
1029 2612 1102 2657 vero
1119 2592 1221 2657 locum
1246 2595 1395 2675 exparte

381 2714 466 2774 recte
489 2713 565 2794 puto
588 2707 780 2790 restituisse,
808 2727 878 2774 cum
904 2707 1007 2773 locum
1031 2707 1228 2772 simillimum
1252 2706 1393 2770 V.127.8

382 2817 523 2893 ’θναταν
551 2825 587 2892 δὲ
620 2821 675 2891 τὸν
702 2823 894 2911 Αἰγινήτην,
929 2823 988 2890 σὺν
1021 2825 1056 2889 δὲ
1084 2820 1170 2912 αῦτῷ
1200 2825 1395 2906 Καλλιτέλην

382 2941 587 3026 ἐργάσασθαι
629 2941 801 3027 respiciens
840 2942 1037 3008 emendaret:
1090 2945 1144 3007 καὶ
1182 2944 1394 3014 Καλλιτέλους

382 3057 446 3124 ἐστι
463 3105 470 3123 .
489 3088 512 3139 .,·
537 3063 570 3122 at
593 3057 688 3124 verba
711 3060 886 3141 sequentia,
910 3078 990 3140 quae
1014 3059 1077 3122 iam
1102 3057 1284 3122 Siebelisius
1309 3075 1392 3120 eom·

383 3174 487 3260 posuit
501 3173 533 3238 in
549 3175 606 3240 τοῦ
621 3175 783 3258 συνεργοῦ,
808 3175 923 3240 rectius
946 3173 1024 3237 mihi
1048 3173 1094 3237 sic
1116 3172 1302 3253 corrigenda
1326 3189 1393 3235 esse

383 3287 540 3355 videntur:
564 3289 595 3356 oi
610 3292 779 3374 συνεργοῦ,
795 3289 840 3355 ita
855 3297 892 3354 ut
906 3289 992 3356 locus
1009 3288 1180 3354 scribatur:
1205 3292 1259 3353 καὶ
1275 3290 1393 3354 Καλλι-

382 3406 489 3481 τέλους
511 3406 611 3474 ἐστίν
634 3406 669 3473 oi
693 3408 890 3490 συνεργοῦ,
919 3426 979 3490 quo
1009 3407 1046 3471 de
1071 3405 1228 3480 dativioi
1250 3424 1310 3468 usu
1334 3403 1394 3468 fre-

383 3521 587 3606 quentissimo
621 3521 704 3608 apud
734 3521 925 3588 Pausaniam
960 3522 1043 3586 infra
1078 3520 1171 3606 plura
1198 3520 1393 3585 conferemus

381 3635 535 3724 exempla.

447 3751 554 3839 Neque
576 3751 663 3820 locus
687 3749 770 3820 v111.
788 3753 841 3820 27.
861 3755 880 3820 8
905 3751 1098 3838 copulationi
1122 3756 1176 3816 καλ
1191 3789 1234 3802 -
1250 3755 1283 3814 τέ
1298 3749 1393 3828 favet,

381 3869 434 3936 ubi
457 3867 572 3953 legitur
595 3875 777 3958 συνῳκίσθη
795 3903 836 3917 -
853 3869 945 3945 πόλις
968 3869 1103 3958 ἐνιαυτῷ
1127 3893 1159 3932 τε
1178 3868 1221 3956 τῷ
1238 3863 1324 3955 αὐτῷ
1341 3867 1394 3930 καὶ
