<?xml version="1.0" encoding="UTF-8"?>
<!DOCTYPE html PUBLIC "-//W3C//DTD XHTML 1.0 Transitional//EN"
    "http://www.w3.org/TR/xhtml1/DTD/xhtml1-transitional.dtd">
<html xmlns="http://www.w3.org/1999/xhtml" xml:lang="en" lang="en">
 <head>
  <title>
</title>
<meta http-equiv="Content-Type" content="text/html;charset=utf-8" />
  <meta name='ocr-system' content='tesseract 3.04.00' />
  <meta name='ocr-capabilities' content='ocr_page ocr_carea ocr_par ocr_line ocrx_word'/>
</head>
<body>
  <div class='ocr_page' id='page_1' title='image "./quaestionesgram00seemgoog_0039.png"; bbox 0 0 3080 4652; ppageno 0'>
   <div class='ocr_carea' id='block_1_1' title="bbox 712 381 755 446">
    <p class='ocr_par' dir='ltr' id='par_1_1' title="bbox 712 381 755 446">
     <span class='ocr_line' id='line_1_1' title="bbox 712 381 755 446; baseline 0 0"><span class='ocrx_word' id='word_1_1' title='bbox 712 381 755 446; x_wconf 80' lang='lat'>35</span> 
     </span>
    </p>
   </div>
   <div class='ocr_carea' id='block_1_2' title="bbox 226 556 1243 2498">
    <p class='ocr_par' dir='ltr' id='par_1_2' title="bbox 226 556 1242 2038">
     <span class='ocr_line' id='line_1_2' title="bbox 227 556 1241 643; baseline 0.002 -22"><span class='ocrx_word' id='word_1_2' title='bbox 227 556 273 622; x_wconf 87' lang='lat' dir='ltr'>Va</span> <span class='ocrx_word' id='word_1_3' title='bbox 296 583 328 622; x_wconf 86' lang='grc' dir='ltr'>τε</span> <span class='ocrx_word' id='word_1_4' title='bbox 351 559 430 641; x_wconf 76' lang='grc' dir='ltr'><em>ἔργα</em></span> <span class='ocrx_word' id='word_1_5' title='bbox 454 563 566 622; x_wconf 82' lang='grc' dir='ltr'><strong><em>καλ-</em></strong></span> <span class='ocrx_word' id='word_1_6' title='bbox 583 563 657 642; x_wconf 80' lang='grc' dir='ltr'><em>πέρι</em></span> <span class='ocrx_word' id='word_1_7' title='bbox 680 558 771 643; x_wconf 81' lang='grc' dir='ltr'><em>ὅπερ,</em></span> <span class='ocrx_word' id='word_1_8' title='bbox 800 557 848 623; x_wconf 89' lang='lat' dir='ltr'>Vb</span> <span class='ocrx_word' id='word_1_9' title='bbox 872 583 905 623; x_wconf 81' lang='lat' dir='ltr'>re</span> <span class='ocrx_word' id='word_1_10' title='bbox 927 559 1006 642; x_wconf 78' lang='grc' dir='ltr'><em>ἔργα</em></span> <span class='ocrx_word' id='word_1_11' title='bbox 1029 564 1148 624; x_wconf 80' lang='grc' dir='ltr'><strong><em>καλ-</em></strong></span> <span class='ocrx_word' id='word_1_12' title='bbox 1174 560 1241 623; x_wconf 88' lang='lat' dir='ltr'>siue</span> 
     </span>
     <span class='ocr_line' id='line_1_3' title="bbox 227 673 1242 758; baseline -0.001 -20"><span class='ocrx_word' id='word_1_13' title='bbox 227 678 298 756; x_wconf 83' lang='grc' dir='ltr'><em>πέρι</em></span> <span class='ocrx_word' id='word_1_14' title='bbox 321 673 371 737; x_wconf 90' lang='lat' dir='ltr'>vel</span> <span class='ocrx_word' id='word_1_15' title='bbox 395 673 472 758; x_wconf 79' lang='grc' dir='ltr'><em>ὅπερ</em></span> <span class='ocrx_word' id='word_1_16' title='bbox 496 673 679 756; x_wconf 76' lang='lat' dir='ltr'>exhibeant,</span> <span class='ocrx_word' id='word_1_17' title='bbox 708 694 811 758; x_wconf 89' lang='lat' dir='ltr'>neque</span> <span class='ocrx_word' id='word_1_18' title='bbox 840 673 944 738; x_wconf 92' lang='lat' dir='ltr'>minus</span> <span class='ocrx_word' id='word_1_19' title='bbox 969 680 1163 740; x_wconf 83' lang='lat' dir='ltr'>correcturas</span> <span class='ocrx_word' id='word_1_20' title='bbox 1187 683 1242 740; x_wconf 91' lang='lat' dir='ltr'>aut</span> 
     </span>
     <span class='ocr_line' id='line_1_4' title="bbox 227 789 1239 875; baseline 0 -21"><span class='ocrx_word' id='word_1_21' title='bbox 227 791 456 875; x_wconf 77' lang='lat' dir='ltr'>superscriptas</span> <span class='ocrx_word' id='word_1_22' title='bbox 490 795 545 854; x_wconf 84' lang='lat' dir='ltr'>aut</span> <span class='ocrx_word' id='word_1_23' title='bbox 579 791 714 870; x_wconf 88' lang='lat' dir='ltr'>margini</span> <span class='ocrx_word' id='word_1_24' title='bbox 751 789 928 875; x_wconf 86' lang='lat' dir='ltr'>adseriptas</span> <span class='ocrx_word' id='word_1_25' title='bbox 960 790 1048 856; x_wconf 86' lang='lat' dir='ltr'>vario</span> <span class='ocrx_word' id='word_1_26' title='bbox 1085 790 1239 855; x_wconf 90' lang='lat' dir='ltr'>modoad</span> 
     </span>
     <span class='ocr_line' id='line_1_5' title="bbox 226 905 1240 990; baseline 0.003 -23"><span class='ocrx_word' id='word_1_27' title='bbox 226 905 389 970; x_wconf 89' lang='lat' dir='ltr'>leotiouem</span> <span class='ocrx_word' id='word_1_28' title='bbox 423 906 621 986; x_wconf 80' lang='lat' dir='ltr'>levigandam</span> <span class='ocrx_word' id='word_1_29' title='bbox 651 913 793 989; x_wconf 89' lang='lat' dir='ltr'>reoeptas</span> <span class='ocrx_word' id='word_1_30' title='bbox 822 926 901 972; x_wconf 88' lang='lat' dir='ltr'>esse.</span> <span class='ocrx_word' id='word_1_31' title='bbox 954 906 1110 990; x_wconf 88' lang='lat' dir='ltr'>Equidem</span> <span class='ocrx_word' id='word_1_32' title='bbox 1145 907 1240 972; x_wconf 84' lang='lat' dir='ltr'>verba</span> 
     </span>
     <span class='ocr_line' id='line_1_6' title="bbox 226 1021 1240 1108; baseline 0.003 -24"><span class='ocrx_word' id='word_1_33' title='bbox 226 1026 259 1084; x_wconf 80' lang='grc' dir='ltr'>τέ</span> <span class='ocrx_word' id='word_1_34' title='bbox 281 1027 335 1085; x_wconf 77' lang='grc' dir='ltr'><strong><em>καί</em></strong></span> <span class='ocrx_word' id='word_1_35' title='bbox 357 1022 435 1104; x_wconf 81' lang='grc' dir='ltr'><strong><em>ἔργα</em></strong></span> <span class='ocrx_word' id='word_1_36' title='bbox 460 1041 479 1086; x_wconf 86' lang='lat' dir='ltr'>a</span> <span class='ocrx_word' id='word_1_37' title='bbox 498 1021 628 1086; x_wconf 91' lang='lat' dir='ltr'>librario</span> <span class='ocrx_word' id='word_1_38' title='bbox 646 1022 763 1088; x_wconf 91' lang='lat' dir='ltr'>omissa</span> <span class='ocrx_word' id='word_1_39' title='bbox 787 1028 863 1106; x_wconf 91' lang='lat' dir='ltr'>puto</span> <span class='ocrx_word' id='word_1_40' title='bbox 879 1029 911 1087; x_wconf 90' lang='lat' dir='ltr'>et</span> <span class='ocrx_word' id='word_1_41' title='bbox 928 1023 1063 1105; x_wconf 87' lang='lat' dir='ltr'>margini</span> <span class='ocrx_word' id='word_1_42' title='bbox 1080 1022 1240 1108; x_wconf 87' lang='lat' dir='ltr'>adscripta</span> 
     </span>
     <span class='ocr_line' id='line_1_7' title="bbox 227 1137 1241 1222; baseline 0.004 -22"><span class='ocrx_word' id='word_1_43' title='bbox 227 1156 305 1218; x_wconf 86' lang='lat' dir='ltr'>esse,</span> <span class='ocrx_word' id='word_1_44' title='bbox 329 1137 412 1201; x_wconf 90' lang='lat' dir='ltr'>uude</span> <span class='ocrx_word' id='word_1_45' title='bbox 436 1137 537 1203; x_wconf 89' lang='lat' dir='ltr'>alieno</span> <span class='ocrx_word' id='word_1_46' title='bbox 561 1138 629 1202; x_wconf 89' lang='lat' dir='ltr'>looo</span> <span class='ocrx_word' id='word_1_47' title='bbox 653 1139 686 1204; x_wconf 92' lang='lat' dir='ltr'>in</span> <span class='ocrx_word' id='word_1_48' title='bbox 710 1146 891 1205; x_wconf 82' lang='lat' dir='ltr'>contextum</span> <span class='ocrx_word' id='word_1_49' title='bbox 916 1145 990 1204; x_wconf 91' lang='lat' dir='ltr'>sunt</span> <span class='ocrx_word' id='word_1_50' title='bbox 1004 1139 1139 1218; x_wconf 83' lang='lat' dir='ltr'>inserta3</span> <span class='ocrx_word' id='word_1_51' title='bbox 1163 1141 1241 1222; x_wconf 82' lang='grc' dir='ltr'><em>ὅπερ</em></span> 
     </span>
     <span class='ocr_line' id='line_1_8' title="bbox 227 1253 1241 1340; baseline 0.004 -26"><span class='ocrx_word' id='word_1_52' title='bbox 227 1273 310 1333; x_wconf 85' lang='lat' dir='ltr'>vero,</span> <span class='ocrx_word' id='word_1_53' title='bbox 335 1253 416 1337; x_wconf 92' lang='lat' dir='ltr'>quod</span> <span class='ocrx_word' id='word_1_54' title='bbox 435 1254 562 1338; x_wconf 86' lang='lat' dir='ltr'>plurimi</span> <span class='ocrx_word' id='word_1_55' title='bbox 580 1254 669 1320; x_wconf 85' lang='lat' dir='ltr'>codd.</span> <span class='ocrx_word' id='word_1_56' title='bbox 686 1255 814 1336; x_wconf 85' lang='lat' dir='ltr'>habent,</span> <span class='ocrx_word' id='word_1_57' title='bbox 831 1261 1013 1340; x_wconf 83' lang='lat' dir='ltr'>corruptum</span> <span class='ocrx_word' id='word_1_58' title='bbox 1031 1265 1078 1322; x_wconf 88' lang='lat' dir='ltr'>est</span> <span class='ocrx_word' id='word_1_59' title='bbox 1095 1276 1134 1320; x_wconf 85' lang='lat' dir='ltr'>ex</span> <span class='ocrx_word' id='word_1_60' title='bbox 1150 1253 1241 1338; x_wconf 79' lang='grc' dir='ltr'><em>ὑπέρ,</em></span> 
     </span>
     <span class='ocr_line' id='line_1_9' title="bbox 227 1369 1241 1456; baseline 0.005 -25"><span class='ocrx_word' id='word_1_61' title='bbox 227 1369 308 1451; x_wconf 90' lang='lat' dir='ltr'>quod</span> <span class='ocrx_word' id='word_1_62' title='bbox 344 1377 476 1455; x_wconf 89' lang='lat' dir='ltr'>propter</span> <span class='ocrx_word' id='word_1_63' title='bbox 503 1371 692 1456; x_wconf 87' lang='lat' dir='ltr'>positionem</span> <span class='ocrx_word' id='word_1_64' title='bbox 727 1371 884 1436; x_wconf 86' lang='lat' dir='ltr'>insolitam</span> <span class='ocrx_word' id='word_1_65' title='bbox 919 1372 1022 1437; x_wconf 92' lang='lat' dir='ltr'>soriba</span> <span class='ocrx_word' id='word_1_66' title='bbox 1057 1373 1241 1456; x_wconf 78' lang='lat' dir='ltr'>prudentior</span> 
     </span>
     <span class='ocr_line' id='line_1_10' title="bbox 226 1485 1240 1571; baseline 0.005 -24"><span class='ocrx_word' id='word_1_67' title='bbox 226 1485 364 1550; x_wconf 77' lang='lat' dir='ltr'>corrosit</span> <span class='ocrx_word' id='word_1_68' title='bbox 386 1486 418 1551; x_wconf 93' lang='lat' dir='ltr'>iu</span> <span class='ocrx_word' id='word_1_69' title='bbox 442 1493 527 1571; x_wconf 75' lang='grc' dir='ltr'><em>πέρι,</em></span> <span class='ocrx_word' id='word_1_70' title='bbox 550 1488 633 1552; x_wconf 87' lang='lat' dir='ltr'>unde</span> <span class='ocrx_word' id='word_1_71' title='bbox 657 1486 707 1552; x_wconf 88' lang='lat' dir='ltr'>vel</span> <span class='ocrx_word' id='word_1_72' title='bbox 731 1494 804 1571; x_wconf 81' lang='grc' dir='ltr'><em>πέρι</em></span> <span class='ocrx_word' id='word_1_73' title='bbox 826 1486 876 1552; x_wconf 88' lang='lat' dir='ltr'>vel</span> <span class='ocrx_word' id='word_1_74' title='bbox 900 1493 972 1571; x_wconf 78' lang='grc' dir='ltr'><em>πέρι</em></span> <span class='ocrx_word' id='word_1_75' title='bbox 996 1487 1073 1570; x_wconf 85' lang='grc' dir='ltr'><em>ὅπερ</em></span> <span class='ocrx_word' id='word_1_76' title='bbox 1097 1488 1130 1556; x_wconf 92' lang='lat' dir='ltr'>iu</span> <span class='ocrx_word' id='word_1_77' title='bbox 1151 1487 1240 1552; x_wconf 88' lang='lat' dir='ltr'>oodd.</span> 
     </span>
     <span class='ocr_line' id='line_1_11' title="bbox 226 1599 1240 1688; baseline 0.004 -24"><span class='ocrx_word' id='word_1_78' title='bbox 226 1599 271 1664; x_wconf 89' lang='lat' dir='ltr'>La</span> <span class='ocrx_word' id='word_1_79' title='bbox 295 1601 343 1666; x_wconf 85' lang='lat' dir='ltr'>Va</span> <span class='ocrx_word' id='word_1_80' title='bbox 365 1601 467 1668; x_wconf 85' lang='lat' dir='ltr'>fluxit.</span> <span class='ocrx_word' id='word_1_81' title='bbox 514 1603 624 1686; x_wconf 89' lang='lat' dir='ltr'>ltaque</span> <span class='ocrx_word' id='word_1_82' title='bbox 647 1603 751 1668; x_wconf 83' lang='lat' dir='ltr'>locum</span> <span class='ocrx_word' id='word_1_83' title='bbox 775 1604 821 1669; x_wconf 86' lang='lat' dir='ltr'>sio</span> <span class='ocrx_word' id='word_1_84' title='bbox 837 1604 961 1669; x_wconf 88' lang='lat' dir='ltr'>restitui</span> <span class='ocrx_word' id='word_1_85' title='bbox 979 1623 1073 1688; x_wconf 89' lang='lat' dir='ltr'>posse</span> <span class='ocrx_word' id='word_1_86' title='bbox 1089 1602 1240 1668; x_wconf 86' lang='lat' dir='ltr'>arbitror:</span> 
     </span>
     <span class='ocr_line' id='line_1_12' title="bbox 226 1718 1241 1805; baseline 0.001 -23"><span class='ocrx_word' id='word_1_87' title='bbox 226 1722 302 1803; x_wconf 82' lang='grc' dir='ltr'><em>πρὶν</em></span> <span class='ocrx_word' id='word_1_88' title='bbox 325 1721 395 1804; x_wconf 64' lang='lat' dir='ltr'>did</span> <span class='ocrx_word' id='word_1_89' title='bbox 417 1719 615 1805; x_wconf 72' lang='grc' dir='ltr'><em>συγγράφειν</em></span> <span class='ocrx_word' id='word_1_90' title='bbox 637 1719 767 1803; x_wconf 81' lang='grc' dir='ltr'><em>μετὸν</em></span> <span class='ocrx_word' id='word_1_91' title='bbox 790 1718 961 1802; x_wconf 79' lang='grc' dir='ltr'>πόλεμόν</span> <span class='ocrx_word' id='word_1_92' title='bbox 984 1745 1022 1784; x_wconf 83' lang='grc' dir='ltr'>τε</span> <span class='ocrx_word' id='word_1_93' title='bbox 1046 1723 1108 1783; x_wconf 80' lang='grc' dir='ltr'><strong><em>καὶ</em></strong></span> <span class='ocrx_word' id='word_1_94' title='bbox 1132 1721 1241 1804; x_wconf 81' lang='grc' dir='ltr'><em>ἔργα,</em></span> 
     </span>
     <span class='ocr_line' id='line_1_13' title="bbox 226 1832 1241 1921; baseline 0 -23"><span class='ocrx_word' id='word_1_95' title='bbox 226 1832 332 1900; x_wconf 85' lang='grc' dir='ltr'><em>ὁπόσα</em></span> <span class='ocrx_word' id='word_1_96' title='bbox 348 1871 389 1880; x_wconf 79' lang='lat'>-</span> <span class='ocrx_word' id='word_1_97' title='bbox 406 1834 638 1920; x_wconf 78' lang='grc' dir='ltr'><strong><em>παρεσκεύασε,</em></strong></span> <span class='ocrx_word' id='word_1_98' title='bbox 661 1837 824 1920; x_wconf 75' lang='grc' dir='ltr'><em>διακρῖναι</em></span> <span class='ocrx_word' id='word_1_99' title='bbox 854 1832 949 1919; x_wconf 78' lang='grc' dir='ltr'><em>ὑπὲρ</em></span> <span class='ocrx_word' id='word_1_100' title='bbox 976 1832 1134 1921; x_wconf 74' lang='grc' dir='ltr'><strong><em>ἡλικίας</em></strong></span> <span class='ocrx_word' id='word_1_101' title='bbox 1161 1833 1241 1918; x_wconf 68' lang='grc' dir='ltr'>ἠθέ-</span> 
     </span>
     <span class='ocr_line' id='line_1_14' title="bbox 226 1947 667 2038; baseline 0 -22"><span class='ocrx_word' id='word_1_102' title='bbox 226 1954 307 2035; x_wconf 78' lang='grc' dir='ltr'><strong><em>λησα</em></strong></span> <span class='ocrx_word' id='word_1_103' title='bbox 330 1947 451 2034; x_wconf 75' lang='grc' dir='ltr'>ἀνδρὸς</span> <span class='ocrx_word' id='word_1_104' title='bbox 474 1958 667 2038; x_wconf 83' lang='grc' dir='ltr'><em>Μεσσηνίου.</em></span> 
     </span>
    </p>

    <p class='ocr_par' dir='ltr' id='par_1_3' title="bbox 226 2065 1241 2384">
     <span class='ocr_line' id='line_1_15' title="bbox 293 2065 1240 2149; baseline -0.001 -17"><span class='ocrx_word' id='word_1_105' title='bbox 293 2065 403 2132; x_wconf 80' lang='lat' dir='ltr'>Restat</span> <span class='ocrx_word' id='word_1_106' title='bbox 418 2074 453 2131; x_wconf 89' lang='lat' dir='ltr'>ut</span> <span class='ocrx_word' id='word_1_107' title='bbox 468 2067 636 2132; x_wconf 90' lang='lat' dir='ltr'>nonnullos</span> <span class='ocrx_word' id='word_1_108' title='bbox 652 2067 749 2149; x_wconf 85' lang='lat' dir='ltr'>loeus,</span> <span class='ocrx_word' id='word_1_109' title='bbox 773 2067 825 2134; x_wconf 91' lang='lat' dir='ltr'>ubi</span> <span class='ocrx_word' id='word_1_110' title='bbox 841 2067 902 2132; x_wconf 88' lang='lat' dir='ltr'>viri</span> <span class='ocrx_word' id='word_1_111' title='bbox 918 2067 999 2132; x_wconf 88' lang='lat' dir='ltr'>doot.</span> <span class='ocrx_word' id='word_1_112' title='bbox 1018 2067 1058 2132; x_wconf 92' lang='lat' dir='ltr'>ad</span> <span class='ocrx_word' id='word_1_113' title='bbox 1074 2066 1240 2132; x_wconf 81' lang='lat' dir='ltr'>lectionem</span> 
     </span>
     <span class='ocr_line' id='line_1_16' title="bbox 226 2183 1241 2268; baseline 0.003 -22"><span class='ocrx_word' id='word_1_114' title='bbox 226 2183 450 2250; x_wconf 83' lang='lat' dir='ltr'>restituendam</span> <span class='ocrx_word' id='word_1_115' title='bbox 476 2183 662 2268; x_wconf 87' lang='lat' dir='ltr'>partioulam</span> <span class='ocrx_word' id='word_1_116' title='bbox 680 2190 713 2248; x_wconf 80' lang='grc' dir='ltr'>τέ</span> <span class='ocrx_word' id='word_1_117' title='bbox 727 2183 844 2248; x_wconf 89' lang='lat' dir='ltr'>iniuria</span> <span class='ocrx_word' id='word_1_118' title='bbox 865 2184 899 2247; x_wconf 92' lang='lat' dir='ltr'>in</span> <span class='ocrx_word' id='word_1_119' title='bbox 916 2183 1126 2268; x_wconf 84' lang='lat' dir='ltr'>suspicionem</span> <span class='ocrx_word' id='word_1_120' title='bbox 1148 2204 1241 2249; x_wconf 89' lang='lat' dir='ltr'>vooa·</span> 
     </span>
     <span class='ocr_line' id='line_1_17' title="bbox 226 2301 703 2384; baseline 0 -21"><span class='ocrx_word' id='word_1_121' title='bbox 226 2305 349 2382; x_wconf 90' lang='lat' dir='ltr'>verunt,</span> <span class='ocrx_word' id='word_1_122' title='bbox 374 2301 511 2366; x_wconf 87' lang='lat' dir='ltr'>breviter</span> <span class='ocrx_word' id='word_1_123' title='bbox 535 2319 703 2384; x_wconf 83' lang='lat' dir='ltr'>exponam.</span> 
     </span>
    </p>

    <p class='ocr_par' dir='ltr' id='par_1_4' title="bbox 293 2414 1243 2498">
     <span class='ocr_line' id='line_1_18' title="bbox 293 2414 1243 2498; baseline -0.001 -18"><span class='ocrx_word' id='word_1_124' title='bbox 293 2414 453 2481; x_wconf 82' lang='lat' dir='ltr'>lv.16.8</span> <span class='ocrx_word' id='word_1_125' title='bbox 478 2416 561 2481; x_wconf 91' lang='lat' dir='ltr'>enim</span> <span class='ocrx_word' id='word_1_126' title='bbox 586 2415 716 2498; x_wconf 79' lang='lat' dir='ltr'>legitur:</span> <span class='ocrx_word' id='word_1_127' title='bbox 746 2417 900 2494; x_wconf 79' lang='grc' dir='ltr'><em>συλλέξας</em></span> <span class='ocrx_word' id='word_1_128' title='bbox 923 2415 959 2480; x_wconf 82' lang='lat' dir='ltr'>di</span> <span class='ocrx_word' id='word_1_129' title='bbox 981 2415 1101 2490; x_wconf 82' lang='grc' dir='ltr'><strong><em>ἄλλους</em></strong></span> <span class='ocrx_word' id='word_1_130' title='bbox 1124 2441 1156 2480; x_wconf 82' lang='grc' dir='ltr'>τε</span> <span class='ocrx_word' id='word_1_131' title='bbox 1179 2419 1243 2480; x_wconf 79' lang='grc' dir='ltr'>τῶν</span> 
     </span>
    </p>
   </div>
   <div class='ocr_carea' id='block_1_3' title="bbox 227 2529 1242 2617">
    <p class='ocr_par' dir='ltr' id='par_1_5' title="bbox 227 2529 1242 2617">
     <span class='ocr_line' id='line_1_19' title="bbox 227 2529 1242 2617; baseline -0.003 -19"><span class='ocrx_word' id='word_1_132' title='bbox 227 2538 417 2617; x_wconf 75' lang='grc' dir='ltr'><em>Μεσσηνίων</em></span> <span class='ocrx_word' id='word_1_133' title='bbox 447 2535 502 2596; x_wconf 84' lang='grc' dir='ltr'><strong><em>καὶ</em></strong></span> <span class='ocrx_word' id='word_1_134' title='bbox 532 2530 605 2608; x_wconf 80' lang='grc' dir='ltr'>τούς</span> <span class='ocrx_word' id='word_1_135' title='bbox 632 2535 705 2616; x_wconf 80' lang='grc' dir='ltr'><em>περὶ</em></span> <span class='ocrx_word' id='word_1_136' title='bbox 735 2531 851 2598; x_wconf 76' lang='grc' dir='ltr'><strong><em>ἑαυτὸν</em></strong></span> <span class='ocrx_word' id='word_1_137' title='bbox 878 2529 950 2616; x_wconf 75' lang='grc' dir='ltr'><strong><em>ἅμα</em></strong></span> <span class='ocrx_word' id='word_1_138' title='bbox 973 2532 1056 2613; x_wconf 82' lang='grc' dir='ltr'><em>ἔχων</em></span> <span class='ocrx_word' id='word_1_139' title='bbox 1085 2530 1242 2610; x_wconf 70' lang='grc' dir='ltr'><strong><em>λογάδας,</em></strong></span> 
     </span>
    </p>
   </div>
   <div class='ocr_carea' id='block_1_4' title="bbox 226 2647 1242 3898">
    <p class='ocr_par' dir='ltr' id='par_1_6' title="bbox 226 2647 1242 3898">
     <span class='ocr_line' id='line_1_20' title="bbox 226 2647 1242 2734; baseline -0.003 -19"><span class='ocrx_word' id='word_1_140' title='bbox 226 2649 375 2734; x_wconf 68' lang='grc' dir='ltr'><strong><em>φυλάξας</em></strong></span> <span class='ocrx_word' id='word_1_141' title='bbox 397 2675 430 2715; x_wconf 83' lang='grc' dir='ltr'>τε</span> <span class='ocrx_word' id='word_1_142' title='bbox 453 2647 533 2734; x_wconf 73' lang='grc' dir='ltr'>μετὰ</span> <span class='ocrx_word' id='word_1_143' title='bbox 556 2650 696 2734; x_wconf 79' lang='grc' dir='ltr'>ἑσπέραν</span> <span class='ocrx_word' id='word_1_144' title='bbox 720 2647 822 2734; x_wconf 73' lang='grc' dir='ltr'><strong><em>ἦλθεν</em></strong></span> <span class='ocrx_word' id='word_1_145' title='bbox 845 2650 898 2714; x_wconf 68' lang='lat' dir='ltr'>ent</span> <span class='ocrx_word' id='word_1_146' title='bbox 927 2647 1022 2714; x_wconf 84' lang='grc' dir='ltr'><em>πόλιν</em></span> <span class='ocrx_word' id='word_1_147' title='bbox 1046 2649 1099 2731; x_wconf 71' lang='grc' dir='ltr'>τῆς</span> <span class='ocrx_word' id='word_1_148' title='bbox 1121 2658 1242 2713; x_wconf 84' lang='grc' dir='ltr'><strong><em>Λακω-</em></strong></span> 
     </span>
     <span class='ocr_line' id='line_1_21' title="bbox 226 2763 1241 2852; baseline -0.004 -20"><span class='ocrx_word' id='word_1_149' title='bbox 226 2769 312 2852; x_wconf 74' lang='grc' dir='ltr'><em>νικῆς</em></span> <span class='ocrx_word' id='word_1_150' title='bbox 329 2815 336 2830; x_wconf 95' lang='grc'><strong>.</strong></span> <span class='ocrx_word' id='word_1_151' title='bbox 355 2796 380 2846; x_wconf 86' lang='grc'>.,·</span> <span class='ocrx_word' id='word_1_152' title='bbox 404 2765 487 2849; x_wconf 91' lang='lat' dir='ltr'>quod</span> <span class='ocrx_word' id='word_1_153' title='bbox 511 2764 660 2852; x_wconf 74' lang='grc' dir='ltr'><strong><em>φυλάξας</em></strong></span> <span class='ocrx_word' id='word_1_154' title='bbox 686 2764 745 2829; x_wconf 89' lang='lat' dir='ltr'>hoo</span> <span class='ocrx_word' id='word_1_155' title='bbox 775 2764 844 2828; x_wconf 90' lang='lat' dir='ltr'>loeo</span> <span class='ocrx_word' id='word_1_156' title='bbox 873 2763 1076 2828; x_wconf 86' lang='lat' dir='ltr'>intransitive</span> <span class='ocrx_word' id='word_1_157' title='bbox 1103 2765 1241 2847; x_wconf 90' lang='lat' dir='ltr'>positum</span> 
     </span>
     <span class='ocr_line' id='line_1_22' title="bbox 227 2878 1241 2967; baseline -0.004 -19"><span class='ocrx_word' id='word_1_158' title='bbox 227 2902 295 2954; x_wconf 84' lang='lat' dir='ltr'>esse</span> <span class='ocrx_word' id='word_1_159' title='bbox 318 2902 380 2948; x_wconf 95' lang='lat' dir='ltr'>nou</span> <span class='ocrx_word' id='word_1_160' title='bbox 405 2889 518 2967; x_wconf 77' lang='lat' dir='ltr'>potest,</span> <span class='ocrx_word' id='word_1_161' title='bbox 543 2882 604 2946; x_wconf 89' lang='lat' dir='ltr'>viri</span> <span class='ocrx_word' id='word_1_162' title='bbox 628 2883 709 2947; x_wconf 90' lang='lat' dir='ltr'>doot.</span> <span class='ocrx_word' id='word_1_163' title='bbox 725 2882 759 2946; x_wconf 91' lang='lat' dir='ltr'>in</span> <span class='ocrx_word' id='word_1_164' title='bbox 776 2880 825 2946; x_wconf 90' lang='lat' dir='ltr'>his</span> <span class='ocrx_word' id='word_1_165' title='bbox 841 2878 947 2945; x_wconf 85' lang='lat' dir='ltr'>verbis</span> <span class='ocrx_word' id='word_1_166' title='bbox 962 2880 1031 2944; x_wconf 89' lang='lat' dir='ltr'>iure</span> <span class='ocrx_word' id='word_1_167' title='bbox 1048 2879 1241 2945; x_wconf 85' lang='lat' dir='ltr'>haesitantes</span> 
     </span>
     <span class='ocr_line' id='line_1_23' title="bbox 226 2994 1242 3083; baseline -0.002 -21"><span class='ocrx_word' id='word_1_168' title='bbox 226 3005 281 3068; x_wconf 86' lang='lat' dir='ltr'>aut</span> <span class='ocrx_word' id='word_1_169' title='bbox 302 2999 407 3064; x_wconf 92' lang='lat' dir='ltr'>looum</span> <span class='ocrx_word' id='word_1_170' title='bbox 429 2997 615 3064; x_wconf 85' lang='lat' dir='ltr'>lacunosum</span> <span class='ocrx_word' id='word_1_171' title='bbox 640 3016 709 3063; x_wconf 87' lang='lat' dir='ltr'>esse</span> <span class='ocrx_word' id='word_1_172' title='bbox 732 3001 863 3083; x_wconf 88' lang='lat' dir='ltr'>putant,</span> <span class='ocrx_word' id='word_1_173' title='bbox 892 3016 955 3080; x_wconf 90' lang='lat' dir='ltr'>qua</span> <span class='ocrx_word' id='word_1_174' title='bbox 983 3016 1018 3061; x_wconf 93' lang='lat' dir='ltr'>re</span> <span class='ocrx_word' id='word_1_175' title='bbox 1048 2994 1242 3062; x_wconf 84' lang='lat' dir='ltr'>Sohubartus</span> 
     </span>
     <span class='ocr_line' id='line_1_24' title="bbox 226 3112 1241 3200; baseline -0.002 -21"><span class='ocrx_word' id='word_1_176' title='bbox 226 3115 309 3181; x_wconf 86' lang='lat' dir='ltr'>inter</span> <span class='ocrx_word' id='word_1_177' title='bbox 330 3123 364 3180; x_wconf 78' lang='grc' dir='ltr'>τέ</span> <span class='ocrx_word' id='word_1_178' title='bbox 388 3121 419 3180; x_wconf 85' lang='lat' dir='ltr'>et</span> <span class='ocrx_word' id='word_1_179' title='bbox 441 3113 522 3200; x_wconf 75' lang='lat' dir='ltr'>perol</span> <span class='ocrx_word' id='word_1_180' title='bbox 546 3115 732 3180; x_wconf 78' lang='lat' dir='ltr'>asteriscum</span> <span class='ocrx_word' id='word_1_181' title='bbox 756 3115 856 3199; x_wconf 82' lang='lat' dir='ltr'>ponit,</span> <span class='ocrx_word' id='word_1_182' title='bbox 881 3112 1039 3198; x_wconf 75' lang='lat' dir='ltr'>autperti</span> <span class='ocrx_word' id='word_1_183' title='bbox 1062 3112 1241 3194; x_wconf 88' lang='lat' dir='ltr'>delendum,</span> 
     </span>
     <span class='ocr_line' id='line_1_25' title="bbox 227 3228 1241 3317; baseline -0.008 -17"><span class='ocrx_word' id='word_1_184' title='bbox 227 3231 309 3314; x_wconf 87' lang='lat' dir='ltr'>quod</span> <span class='ocrx_word' id='word_1_185' title='bbox 332 3230 441 3317; x_wconf 92' lang='lat' dir='ltr'>Poppo</span> <span class='ocrx_word' id='word_1_186' title='bbox 466 3229 567 3313; x_wconf 83' lang='lat' dir='ltr'>offert,</span> <span class='ocrx_word' id='word_1_187' title='bbox 592 3238 647 3296; x_wconf 87' lang='lat' dir='ltr'>aut</span> <span class='ocrx_word' id='word_1_188' title='bbox 669 3235 703 3296; x_wconf 78' lang='grc' dir='ltr'>τέ</span> <span class='ocrx_word' id='word_1_189' title='bbox 725 3230 807 3314; x_wconf 80' lang='grc' dir='ltr'><strong><em>μετα</em></strong></span> <span class='ocrx_word' id='word_1_190' title='bbox 830 3231 863 3294; x_wconf 92' lang='lat' dir='ltr'>in</span> <span class='ocrx_word' id='word_1_191' title='bbox 887 3229 922 3296; x_wconf 82' lang='grc' dir='ltr'>τὸ</span> <span class='ocrx_word' id='word_1_192' title='bbox 944 3228 1027 3314; x_wconf 78' lang='grc' dir='ltr'><strong><em>μεταλ</em></strong></span> <span class='ocrx_word' id='word_1_193' title='bbox 1055 3229 1241 3293; x_wconf 88' lang='lat' dir='ltr'>mutandum</span> 
     </span>
     <span class='ocr_line' id='line_1_26' title="bbox 226 3344 1240 3432; baseline -0.004 -20"><span class='ocrx_word' id='word_1_194' title='bbox 226 3367 305 3431; x_wconf 84' lang='lat' dir='ltr'>esse,</span> <span class='ocrx_word' id='word_1_195' title='bbox 335 3348 418 3432; x_wconf 89' lang='lat' dir='ltr'>quod</span> <span class='ocrx_word' id='word_1_196' title='bbox 441 3345 626 3413; x_wconf 89' lang='lat' dir='ltr'>Dindorlius</span> <span class='ocrx_word' id='word_1_197' title='bbox 654 3366 693 3412; x_wconf 82' lang='lat' dir='ltr'>ex</span> <span class='ocrx_word' id='word_1_198' title='bbox 718 3344 874 3411; x_wconf 85' lang='lat' dir='ltr'>Siebelisii</span> <span class='ocrx_word' id='word_1_199' title='bbox 905 3345 1085 3410; x_wconf 89' lang='lat' dir='ltr'>oonieotura</span> <span class='ocrx_word' id='word_1_200' title='bbox 1112 3345 1240 3427; x_wconf 82' lang='lat' dir='ltr'>recepit.</span> 
     </span>
     <span class='ocr_line' id='line_1_27' title="bbox 227 3460 1241 3548; baseline -0.005 -20"><span class='ocrx_word' id='word_1_201' title='bbox 227 3461 289 3529; x_wconf 86' lang='lat' dir='ltr'>Sed</span> <span class='ocrx_word' id='word_1_202' title='bbox 312 3484 414 3548; x_wconf 91' lang='lat' dir='ltr'>neque</span> <span class='ocrx_word' id='word_1_203' title='bbox 437 3463 521 3531; x_wconf 90' lang='lat' dir='ltr'>unde</span> <span class='ocrx_word' id='word_1_204' title='bbox 544 3463 681 3548; x_wconf 73' lang='lat' dir='ltr'>perdiu</span> <span class='ocrx_word' id='word_1_205' title='bbox 705 3468 886 3526; x_wconf 82' lang='lat' dir='ltr'>contextum</span> <span class='ocrx_word' id='word_1_206' title='bbox 911 3460 1078 3546; x_wconf 88' lang='lat' dir='ltr'>irrepserit</span> <span class='ocrx_word' id='word_1_207' title='bbox 1092 3460 1241 3542; x_wconf 82' lang='lat' dir='ltr'>intellego</span> 
     </span>
     <span class='ocr_line' id='line_1_28' title="bbox 226 3576 1242 3664; baseline -0.004 -22"><span class='ocrx_word' id='word_1_208' title='bbox 226 3599 326 3662; x_wconf 83' lang='lat' dir='ltr'>nequo</span> <span class='ocrx_word' id='word_1_209' title='bbox 353 3579 542 3646; x_wconf 83' lang='lat' dir='ltr'>Pausaniam</span> <span class='ocrx_word' id='word_1_210' title='bbox 571 3580 721 3664; x_wconf 79' lang='grc' dir='ltr'><strong><em>φυλάξας</em></strong></span> <span class='ocrx_word' id='word_1_211' title='bbox 747 3578 782 3644; x_wconf 83' lang='grc' dir='ltr'>τὸ</span> <span class='ocrx_word' id='word_1_212' title='bbox 812 3576 893 3662; x_wconf 80' lang='grc' dir='ltr'>μετὰ</span> <span class='ocrx_word' id='word_1_213' title='bbox 921 3577 1061 3661; x_wconf 77' lang='grc' dir='ltr'>ἑσπέραν</span> <span class='ocrx_word' id='word_1_214' title='bbox 1090 3581 1166 3661; x_wconf 92' lang='lat' dir='ltr'>puto</span> <span class='ocrx_word' id='word_1_215' title='bbox 1196 3577 1242 3639; x_wconf 85' lang='lat' dir='ltr'>ita</span> 
     </span>
     <span class='ocr_line' id='line_1_29' title="bbox 227 3691 1241 3792; baseline -0.004 -32"><span class='ocrx_word' id='word_1_216' title='bbox 227 3697 444 3782; x_wconf 85' lang='lat' dir='ltr'>usurpavisse,</span> <span class='ocrx_word' id='word_1_217' title='bbox 480 3702 515 3761; x_wconf 90' lang='lat' dir='ltr'>ut</span> <span class='ocrx_word' id='word_1_218' title='bbox 548 3696 633 3761; x_wconf 90' lang='lat' dir='ltr'>idem</span> <span class='ocrx_word' id='word_1_219' title='bbox 668 3694 824 3778; x_wconf 82' lang='lat' dir='ltr'>significet</span> <span class='ocrx_word' id='word_1_220' title='bbox 858 3695 941 3792; x_wconf 89' lang='lat' dir='ltr'>quod</span> <span class='ocrx_word' id='word_1_221' title='bbox 970 3691 1120 3779; x_wconf 77' lang='grc' dir='ltr'><strong><em>φυλάξας</em></strong></span> <span class='ocrx_word' id='word_1_222' title='bbox 1142 3691 1241 3758; x_wconf 76' lang='grc' dir='ltr'><strong><em>νύκτα</em></strong></span> 
     </span>
     <span class='ocr_line' id='line_1_30' title="bbox 227 3808 1240 3898; baseline -0.004 -23"><span class='ocrx_word' id='word_1_223' title='bbox 227 3812 276 3878; x_wconf 87' lang='lat' dir='ltr'>rel</span> <span class='ocrx_word' id='word_1_224' title='bbox 299 3813 448 3898; x_wconf 78' lang='grc' dir='ltr'>ἑσπέραν,</span> <span class='ocrx_word' id='word_1_225' title='bbox 477 3832 549 3878; x_wconf 90' lang='lat' dir='ltr'>oum</span> <span class='ocrx_word' id='word_1_226' title='bbox 572 3811 748 3879; x_wconf 86' lang='lat' dir='ltr'>Pausanias</span> <span class='ocrx_word' id='word_1_227' title='bbox 777 3809 812 3877; x_wconf 80' lang='grc' dir='ltr'>τό</span> <span class='ocrx_word' id='word_1_228' title='bbox 835 3810 888 3876; x_wconf 86' lang='lat' dir='ltr'>vel</span> <span class='ocrx_word' id='word_1_229' title='bbox 911 3809 951 3875; x_wconf 76' lang='grc' dir='ltr'>τά</span> <span class='ocrx_word' id='word_1_230' title='bbox 982 3828 1054 3874; x_wconf 90' lang='lat' dir='ltr'>oum</span> <span class='ocrx_word' id='word_1_231' title='bbox 1077 3808 1240 3893; x_wconf 90' lang='lat' dir='ltr'>praeposi-</span> 
     </span>
    </p>
   </div>
   <div class='ocr_carea' id='block_1_5' title="bbox 226 3923 1241 4082">
    <p class='ocr_par' dir='ltr' id='par_1_7' title="bbox 226 3923 1241 4082">
     <span class='ocr_line' id='line_1_31' title="bbox 226 3923 1241 4016; baseline -0.005 -23"><span class='ocrx_word' id='word_1_232' title='bbox 226 3929 365 3996; x_wconf 89' lang='lat' dir='ltr'>tionibus</span> <span class='ocrx_word' id='word_1_233' title='bbox 400 3929 669 4014; x_wconf 86' lang='lat' dir='ltr'>substantivisque</span> <span class='ocrx_word' id='word_1_234' title='bbox 700 3928 883 4016; x_wconf 84' lang='lat' dir='ltr'>copulatum</span> <span class='ocrx_word' id='word_1_235' title='bbox 918 3946 979 3991; x_wconf 93' lang='lat' dir='ltr'>non</span> <span class='ocrx_word' id='word_1_236' title='bbox 1009 3929 1141 4010; x_wconf 89' lang='lat' dir='ltr'>usurpet</span> <span class='ocrx_word' id='word_1_237' title='bbox 1170 3923 1241 3989; x_wconf 88' lang='lat' dir='ltr'>aliis</span> 
     </span>
     <span class='ocr_line' id='line_1_32' title="bbox 1043 4028 1080 4082; baseline 0 -17"><span class='ocrx_word' id='word_1_238' title='bbox 1043 4028 1080 4082; x_wconf 58' lang='lat'>3*</span> 
     </span>
    </p>
   </div>
   <div class='ocr_carea' id='block_1_6' title="bbox 0 0 1544 4652">
    <p class='ocr_par' dir='ltr' id='par_1_8' title="bbox 0 0 1544 4652">
     <span class='ocr_line' id='line_1_33' title="bbox 0 0 1544 4652; baseline 0 0"><span class='ocrx_word' id='word_1_239' title='bbox 0 0 1544 4652; x_wconf 95' lang='lat' dir='ltr'> </span> 
     </span>
    </p>
   </div>
  </div>
 </body>
</html>
