3096 4656
831 312 876 376 44

349 491 390 576 τῷ
415 491 451 554 dd
474 486 664 574 ἀναθήματι
686 493 728 578 τῷ
752 491 785 566 ἐς
807 486 989 573 Ὀλυμπίαν
1005 494 1137 556 Θασίων
1153 491 1277 556 ἔπεστιν
1292 491 1363 555 ἀλε-

348 619 435 684 γείον
470 611 503 670 et
525 604 563 669 V.
580 606 632 671 21.
651 608 681 671 2.
710 603 747 688 τὰΙ
780 605 816 670 δὲ
843 607 876 680 ἐς
907 601 1088 689 Ὀλυμπίαν
1123 603 1182 670 δύο
1216 611 1249 670 τί
1282 609 1363 672 εἰσιν

349 729 443 786 ἵπποι
465 761 509 770 -
532 727 564 784 ei
586 720 706 806 ellipsis
723 721 831 786 durior
854 720 905 785 VI.
928 723 1026 786 18.1.
1051 721 1089 786 τὰ
1107 721 1142 786 δὲ
1158 717 1361 807 ἀναθήματα

349 833 435 924 αὐτῷ
458 836 498 901 τά
525 839 558 912 ἒς
581 833 763 921 Ὀλυμπίαν
791 838 857 902 ἐστὶ
883 838 939 902 τοῦ
960 835 1003 902 Ῥ.
1024 835 1226 920 Πυθαγόρου
1255 843 1363 922 τέχνης

349 952 420 1017 aliis
444 959 547 1017 aulem
564 952 641 1017 lucis
658 952 832 1018 Pausanias
849 954 1051 1038 participium
1069 950 1254 1031 ἀνατεθείς,
1279 953 1364 1038 quud

350 1070 449 1134 tribus
483 1069 546 1135 illis
579 1068 656 1133 locis
692 1069 812 1150 omisit,
849 1069 971 1134 addidit
999 1069 1055 1134 cir.
1087 1069 1124 1133 V.
1141 1071 1194 1135 23.
1213 1071 1243 1134 3.
1266 1069 1302 1134 τὸ
1326 1071 1364 1135 δὲ

350 1185 483 1269 ἄγαλμα
516 1187 551 1251 ἐν
569 1182 734 1271 Ὀλυμπίᾳ
763 1185 798 1252 τὸ
827 1182 990 1252 ἀνατεθὲν
1019 1184 1081 1252 ὑπὸ
1107 1189 1170 1252 τῶν
1192 1184 1364 1252 Ἑλλήνων.

349 1299 388 1366 Χ.
408 1301 437 1365 7.
454 1302 484 1366 6.
509 1307 639 1384 τρίπους
662 1303 800 1383 χαλκοῦς
824 1298 999 1377 ἀνατεθεὶς
1020 1305 1064 1388 τῷ
1088 1299 1303 1388 Ἡρακλεῖτῷ
1327 1304 1364 1367 ἐν

351 1416 485 1502 Θήβαις.
530 1416 639 1500 Neque
674 1417 765 1482 aliter
800 1437 892 1501 quam
929 1417 1096 1502 participio
1132 1418 1266 1499 omisso,
1302 1417 1365 1481 uisi

350 1533 516 1598 lectionem
540 1553 684 1599 mancam
703 1553 772 1598 cssc
788 1534 899 1614 mavis,
924 1534 954 1597 bi
972 1534 1031 1598 luci
1048 1540 1182 1617 possunt
1197 1532 1364 1618 explicari:

350 1649 374 1714 I.
391 1651 443 1716 35.
465 1655 493 1715 1.
518 1649 574 1734 τὴν
597 1646 743 1734 Ἀττικὴν
770 1653 806 1716 ἒν
835 1647 984 1734 ἀριστερᾷ
1013 1653 1175 1717 πλέουσιν.
1203 1648 1242 1715 X.
1261 1651 1313 1716 26.
1331 1653 1364 1714 9.

351 1764 385 1830 τδ
410 1767 445 1831 δὲ
467 1765 523 1850 τὴν
544 1779 635 1850 χείρα
651 1763 715 1832 ἀπὸ
731 1767 880 1850 δείματος
899 1768 1081 1850 ἐπίπροσθε
1097 1768 1161 1831 τῶν
1177 1763 1365 1852 ὀφθαλμῶν

351 1888 536 1966 πεποίηταις
568 1888 701 1966 utroque
733 1882 801 1947 lccc
835 1883 1039 1968 participium
1075 1883 1180 1964 ἔχουσι
1219 1882 1269 1948 vel
1291 1883 1367 1964 ἔχον

351 1997 594 2080 intellegendum
630 1996 721 2082 est¹)‚
758 1999 840 2083 quod
876 1998 1020 2064 omnibus
1055 1998 1211 2064 similibus
1246 1998 1367 2063 locisa

352 2113 509 2178 Pausania
533 2114 668 2198 positum
700 2120 748 2179 esi
775 2114 831 2179 cir.
855 2114 1057 2179 11111244.
1086 2115 1122 2180 ἓν
1151 2115 1240 2196 δεξιᾷ
1264 2151 1306 2160 -
1330 2139 1367 2178 το

352 2229 426 2314 ὄρος
453 2233 536 2312 ἔχων
563 2229 644 2295 VIII.
670 2233 771 2296 351.
797 2237 855 2295 etc.
874 2268 914 2278 -
932 2229 1013 2295 VIII.
1032 2232 1084 2295 26.
1103 2233 1133 2296 3.
1157 2226 1224 2295 ἀπὸ
1253 2228 1367 2296 τούτου

352 2348 388 2412 dd
411 2349 443 2423 ἒς
466 2343 676 2431 Ἐρύμανθον
700 2345 777 2413 ὅσον
804 2353 902 2413 εἴκοσι
925 2344 1024 2434 ἀφίξῃ
1053 2348 1200 2422 σταδίους
1229 2353 1261 2411 cl
1283 2345 1367 2412 VIII.

354 2465 405 2528 35.
424 2466 454 2529 3.
481 2464 628 2538 σταδίους
657 2459 724 2527 ἀπδ
753 2465 809 2528 τοῦ
838 2459 994 2548 ’Λλφειοῐι
1022 2462 1258 2546 τεσσαράκοντα
1282 2463 1368 2547 ἥξεις

352 2577 491 2662 μάλιστα
514 2580 547 2653 ἐς
571 2582 629 2658 υ).,·
657 2583 790 2661 utroque
812 2580 880 2643 lucc
910 2578 1080 2643 accusativi
1110 2580 1258 2654 σταδίους
1281 2579 1368 2642 desi-

353 2694 466 2759 derant
479 2693 680 2778 participium
699 2693 887 2777 προελθοίν,
911 2694 994 2777 quod
1011 2695 1166 2760 similibus
1182 2695 1259 2759 locis
1275 2715 1369 2777 repc-

354 2813 434 2875 riiur
457 2811 511 2876 cfr.
536 2809 617 2875 VIII.
636 2812 688 2876 20.
709 2815 736 2874 1.
761 2809 992 2893 προελθόντων
1019 2811 1230 2886 σταδίους-
1256 2807 1368 2897 ἀφίξῃ.

354 2926 435 2991 VIII.
449 2929 539 2992 34.1.
553 2934 611 2991 etc.
625 2925 737 2991 -1Χ.
751 2929 838 2992 27.8.
866 2924 1080 3011 Ἐρυθραίους
1096 2927 1168 3002 τοὺς
1190 2929 1224 3002 ἐς
1239 2923 1370 2993 Ἰωνίαν

354 3047 408 3112 καὶ
432 3049 567 3126 Τυρίους
590 3041 661 3127 ἲερά
684 3045 831 3125 ἔχονταςς
856 3050 961 3108 utrum
980 3043 1121 3108 hocloco
1137 3043 1176 3107 ad
1193 3039 1371 3118 ε’ςἸωνίαν

355 3158 560 3244 paulimpium
596 3160 765 3235 τελοῦντας
795 3159 844 3223 vel
877 3162 1104 3234 συντελοῦντας
1131 3179 1171 3222 an
1205 3158 1291 3223 aliud
1319 3159 1371 3221 in-

355 3274 563 3357 tellegendum
589 3275 640 3356 sit,
664 3276 779 3340 nescio.
827 3274 885 3352 Qui
910 3275 970 3340 loci
995 3276 1021 3340 si
1046 3276 1114 3340 sani
1139 3280 1228 3357 suut,
1258 3293 1371 3357 quam·

356 3411 448 3473 quam
472 3391 504 3455 iu
534 3391 748 3476 compluribus
778 3391 832 3456 alii
863 3390 948 3456 aliud
971 3392 1187 3472 coniecerunt,
1217 3400 1370 3474 quantam

426 3576 447 3642 ¹)
466 3575 537 3628 Num
561 3575 634 3628 VIII.
650 3575 693 3629 31.
712 3576 737 3628 3.
765 3578 818 3629 ἔστι
841 3604 875 3614 -
895 3575 1025 3648 Ἡρακλῆς
1051 3604 1084 3614 -
1107 3579 1224 3646 μέγεθος
1250 3573 1372 3645 μάλιστα

354 3676 439 3745 πῆχυν
458 3672 617 3726 Siebclisius
635 3673 694 3726 iure
708 3672 843 3741 participii
855 3677 925 3743 ἔχων
938 3673 1045 3741 ellipsin
1057 3673 1183 3740 coniciat,
1202 3670 1312 3740 dubit03
1333 3686 1372 3725 ex

355 3770 488 3825 similibus
506 3771 573 3824 locis
592 3775 618 3832 ἐς
636 3769 770 3824 excidisse
783 3776 858 3838 puto.
873 3769 921 3825 cfr.
935 3771 1011 3824 VllI.
1025 3771 1069 3826 30.
1082 3772 1099 3824 3
1115 3774 1232 3843 μέγεθος
1244 3774 1270 3830 ἐς
1282 3766 1373 3832 πόδας

355 3867 518 3930 δώδεκα.,-
537 3870 557 3922 I.
573 3869 614 3922 18.
629 3868 653 3923 l.
673 3873 699 3930 ἐς
716 3870 808 3940 πῆχυν.
828 3869 1002 3925 vl1.18.11.
1022 3865 1085 3930 ξύλα
1105 3899 1136 3908 -
1158 3873 1184 3930 ἐς
1196 3870 1248 3922 ἑκκ.
1267 3864 1372 3938 πήχεις.
