3080 4652
765 436 786 500 b

271 609 471 692 corrigendos
487 607 619 695 poeoit¹)
640 616 672 677 et
686 611 955 678 caeremoniarum
972 613 1152 696 artiumque
1167 611 1283 696 studia,

270 727 304 790 iu
332 727 445 810 quibus
468 725 616 792 Panoika
644 747 733 812 spem
760 726 871 792 salutis
900 723 1035 812 ponit²)‚
1065 733 1171 794 tamen
1200 727 1284 794 ultra

270 843 500 926 proprietatum
528 841 754 928 principalium
781 843 915 908 duarum
948 843 1163 926 quaestionem
1191 851 1284 928 atque

271 976 397 1040 earum,
424 961 506 1042 quae
533 958 625 1041 longe
652 957 806 1058 plurimas
830 958 984 1024 dederunt
1011 965 1162 1042 tanquam
1189 979 1283 1024 ansas

270 1071 535 1159 disceptationum
553 1081 584 1140 et
599 1075 862 1158 coniecturarum,
887 1075 1035 1160 progredi
1050 1075 1148 1156 nolui,
1172 1075 1228 1141 sed
1250 1076 1283 1140 in

271 1189 413 1272 quaesito
437 1190 567 1276 proprio
591 1191 764 1276 particulae
787 1197 821 1256 at
844 1196 875 1258 et
898 1191 995 1257 dativi
1023 1212 1082 1256 usu
1109 1211 1161 1257 me
1183 1191 1285 1257 couti·

270 1306 337 1388 nui,
363 1327 553 1390 quamquam
578 1307 617 1372 ad
641 1308 832 1372 sententiam
849 1328 951 1372 meam
968 1307 1117 1373 tuendam
1136 1327 1197 1372 uno
1217 1306 1284 1372 loeo

269 1441 322 1486 me
345 1421 463 1488 diutius
487 1419 604 1488 morari
633 1443 761 1490 neeesse
784 1429 867 1508 erat,
895 1424 926 1489 in
955 1443 1017 1508 quo
1046 1422 1285 1488 similitudinem

272 1537 430 1621 quandam
459 1539 661 1622 mendorum,
690 1560 770 1623 quae
797 1539 997 1622 neglegentia
1025 1539 1225 1606 librariorum
1253 1544 1286 1604 et

271 1653 398 1719 inscitia
422 1661 492 1719 orta
515 1661 600 1738 sunt,
625 1675 825 1740 exponerem.
858 1654 891 1718 In
916 1655 1116 1720 recensendis
1138 1674 1213 1720 vero
1238 1655 1285 1719 bis

272 1768 457 1835 elocutionis
484 1770 731 1855 proprietatibus
760 1791 813 1835 eas
836 1769 939 1853 leges,
967 1790 1047 1854 quae
1075 1770 1153 1835 satis
1176 1769 1284 1835 multis

272 1885 348 1950 locis
370 1887 450 1951 mibi
483 1886 672 1952 videbantur
695 1886 912 1970 confirmatae,
948 1886 1096 1970 adhibui,
1131 1892 1168 1951 ut
1201 1887 1285 1952 locos

273 1987 337 2068 aut*
351 2023 420 2069 mea
444 2003 600 2068 sententia
624 2003 662 2068 ab
687 2002 757 2068 aliis
781 2023 948 2089 perperam
976 2003 1130 2068 indicatos
1160 2010 1215 2068 aut
1236 2003 1286 2066 iu-

272 2125 374 2184 tactos
398 2119 437 2184 ab
461 2119 634 2185 editoribus
657 2120 796 2202 relictos,
821 2119 861 2184 ad
883 2119 955 2184 illas
977 2119 1147 2184 formarem
1171 2124 1203 2184 et
1218 2138 1286 2184 cur-

272 2254 420 2315 rigerem.

340 2349 388 2416 Ac
411 2350 546 2435 primum
573 2351 698 2434 quidem
724 2351 763 2415 ad
787 2370 878 2416 usum
903 2350 1076 2434 particulae
1099 2355 1132 2414 τέ
1147 2356 1287 2436 pertrac-

273 2466 404 2532 tandum
428 2468 584 2533 accedam.
636 2467 867 2552 Nonnunquam
895 2465 1085 2532 Pausaniam
1114 2466 1287 2550 deprehen-

274 2583 377 2648 dimus
401 2563 589 2668 particulam
619 2589 652 2649 τέ
680 2584 868 2668 simpliciter
900 2584 1034 2668 positam
1070 2590 1287 2668 usurpantem,

273 2705 309 2764 ut
332 2699 457 2783 copulet
480 2699 576 2764 verba
597 2700 661 2764 duo
686 2700 893 2784 substantiva,
918 2719 1014 2782 aquo
1035 2719 1094 2762 usu
1110 2699 1286 2764 Atticorum

274 2816 444 2900 scriptores
469 2816 632 2900 prosaicos
656 2809 723 2880 fere
746 2820 883 2880 remotos
907 2835 975 2879 esse
990 2818 1123 2878 constat.
1170 2813 1222 2880 Sic
1244 2812 1289 2879 le·

274 2933 377 3014 gimus
413 2930 481 2996 Vll.
518 2933 571 2997 25.
607 2933 638 2998 9.
684 2930 763 3007 ναὸς
801 2932 949 2998 ἐνταῦθα
987 2929 1164 3016 Δήμητρος,
1202 2927 1220 2996 ὁ
1252 2923 1288 2996 dl

274 3045 468 3134 Ἀφροδίτης
496 3047 656 3115 Διονύσου
690 3053 722 3113 τέ
757 3051 832 3115 ἐστι.
867 3048 905 3113 ll.
931 3049 983 3114 23.
1006 3049 1038 3114 5.
1066 3050 1193 3128 λέγουσι
1226 3047 1288 3130 γὰρ

348 3297 370 3362 ²)
390 3295 507 3350 Curtius.
534 3296 683 3365 Peloponn.
695 3295 717 3350 I.
730 3295 791 3349 214.
804 3313 831 3348 n.
844 3296 888 3348 23.
919 3294 987 3363 „Die
1006 3293 1089 3348 Stelle
1108 3293 1200 3362 (Paus.
1214 3293 1297 3368 Vlll.¹

277 3393 318 3447 13.
332 3393 369 3461 6.)
388 3391 503 3447 beweist
522 3393 599 3446 recht
611 3391 741 3459 deutlich,
760 3392 811 3446 wie
824 3391 980 3459 unmdglicb
994 3405 1024 3444 es
1037 3391 1081 3460 ist,
1101 3391 1172 3445 ohne
1184 3391 1288 3445 Keunt·

276 3493 333 3546 uiss
351 3490 402 3546 des
419 3491 530 3546 Laudes
548 3489 602 3544 den
620 3490 694 3544 Text
712 3489 762 3542 des
780 3489 931 3544 Pausanias
949 3487 1163 3544 festaustellen.“

347 3588 370 3658 ¹)
389 3589 534 3658 Antiquar.
547 3586 638 3642 Briefe
656 3601 711 3642 von
724 3587 844 3641 Raumer
859 3602 905 3656 pg.
919 3587 979 3640 122.
1017 3587 1094 3656 „Dan
1106 3585 1219 3656 mythol.
1233 3585 1289 3640 und

279 3687 415 3742 archaeol.
429 3687 605 3742 commentar
622 3685 676 3740 will
694 3682 820 3740 Panolka
837 3683 945 3754 lietern,
968 3683 1025 3738 und
1048 3698 1078 3737 er
1095 3681 1201 3752 glaubt,
1224 3682 1290 3737 dass

277 3784 321 3840 tiir
339 3785 384 3840 die
407 3784 566 3840 offenbaren
588 3783 629 3838 als
652 3784 721 3837 auch
745 3783 789 3836 fdr
812 3783 857 3836 die
879 3782 1071 3836 unerkannten
1094 3779 1209 3834 Lticken
1230 3781 1288 3835 und

276 3881 529 3950 Textfalsehungen
553 3881 599 3936 die
623 3881 714 3935 wahre
740 3881 797 3935 und
822 3880 927 3934 sichere
946 3877 1019 3933 Hilfe
1040 3895 1093 3932 nur
1113 3893 1169 3933 von
1187 3878 1289 3947 griind-

277 3981 361 4036 lieher
384 3981 534 4050 Religions·
562 3980 619 4036 und
640 3977 883 4046 Kunetforscbung
912 3976 1032 4046 gebeton
1054 3976 1165 4031 werden
1188 3977 1289 4032 kann.“
