3080 4652
800 341 844 407 50

316 523 381 588 ἔστι
413 522 473 606 μὲν
507 519 653 604 πρὸς-
678 517 758 595 ναὸς
785 515 966 586 Ἀπόλλωνι
999 520 1054 583 καὶ
1079 513 1241 601 Ἀρτέμιδι
1264 517 1284 581 i.
1301 536 1329 582 e.

317 637 401 722 apud
417 637 589 720 Aegienses
607 685 614 701 .
633 683 641 700 .
659 686 667 700 .
690 635 733 701 Et
755 641 791 699 ut
814 635 898 720 apud
914 633 1077 700 Platonem
1094 632 1168 714 Leg.
1184 635 1216 697 4.
1232 630 1329 700 7061)

317 751 494 829 Ὀδυσσεὺς
516 749 602 840 αὐτῷ
626 753 682 830 (se.
693 749 834 838 Ὁμήρῳ)
863 751 1004 835 λοιδορεῖ
1022 750 1078 816 τὸν
1094 749 1331 834 Ἀγαμέμνονα,

316 871 364 936 ita
385 869 470 954 opud
492 867 681 934 Pausaniam
706 866 840 950 legimus
863 865 916 932 IV.
934 869 987 932 28.
1006 868 1035 931 8.
1059 865 1219 951 Ἑλλήνων
1243 867 1279 930 dd
1301 865 1331 930 οἳ

317 985 358 1052 τὰ
378 980 547 1070 ’τραύματα
570 985 693 1067 ἔχοντες
716 982 898 1060 ὁπλ1ζουσιν
921 979 1007 1072 αὐτῷ
1030 979 1185 1068 (Ὁμήρῳ)
1210 983 1246 1047 τὸ
1268 980 1332 1066 μοὶ-

317 1126 413 1186 χιμον
435 1102 456 1166 i.
475 1121 502 1166 e.
526 1100 611 1186 apud
633 1099 832 1166 Homerum.
851 1147 884 1164 ..

387 1216 504 1282 Durior
528 1223 631 1282 eutem
657 1235 732 1280 usus
755 1214 855 1281 dativi
870 1214 991 1280 duobus
1011 1213 1089 1278 loeis
1106 1212 1183 1278 mihi
1199 1212 1332 1292 videtur,

320 1333 353 1399 in
381 1333 494 1416 quibus
522 1352 587 1398 oon
616 1332 655 1398 de
689 1332 834 1417 personis
863 1331 919 1397 sed
947 1331 987 1395 de
1015 1330 1108 1396 rebus
1138 1330 1258 1410 agitur:
1282 1325 1332 1392 Vl.

322 1451 352 1516 2.
373 1451 405 1514 4.
434 1450 490 1515 τοῦ
517 1447 751 1532 Θρασυβούλου
786 1449 822 1514 δὲ
856 1449 893 1538 τῇ
932 1445 1031 1512 εἰκόνι
1061 1444 1223 1531 γαλεώτης
1256 1443 1335 1528 πρὸς

321 1565 378 1632 τὸν
406 1563 495 1650 ὦμον
523 1570 714 1649 προσέρπων
742 1566 807 1629 ἐστὶ
834 1561 890 1629 τὸν
919 1561 1039 1641 δεξιόν,
1069 1561 1152 1645 quod
1181 1563 1336 1645 interpre-

323 1689 441 1748 tamur:
469 1684 522 1766 „in
546 1688 652 1749 statua
673 1683 783 1768 vipera
806 1701 864 1767 per
887 1680 1077 1766 Thrasybuli
1098 1679 1263 1746 dexterum
1283 1678 1336 1743 hu-

323 1818 444 1865 merum
466 1797 579 1884 repit.“
617 1798 726 1863 Altero
748 1803 853 1863 autem
875 1797 943 1862 loeo
972 1797 1009 1862 V.
1034 1799 1085 1861 11.
1109 1799 1140 1862 3.
1165 1794 1338 1861 Pausanias

324 1913 581 1998 perspicuitatem
610 1914 711 1994 magis
740 1933 835 1997 quam
865 1913 1053 1995 elegantiam
1083 1918 1229 1996 captasse
1253 1910 1338 1975 vide-

325 2037 396 2112 tur,
430 2048 502 2094 eum
535 2028 659 2094 dativus
693 2027 754 2094 lesi
788 2029 983 2113 praemissus
1019 2028 1253 2113 praepositione
1288 2028 1341 2092 dui

325 2145 495 2230 repetitur:
519 2147 563 2233 τῷ
585 2146 645 2229 μὲν
668 2145 707 2230 δὴ
729 2148 796 2210 κατ’
811 2141 896 2212 sida)
918 2148 971 2230 τῆς
992 2143 1109 2210 ἐσόδου
1124 2143 1238 2210 κανόνι
1261 2141 1341 2208 ἔπεα

326 2263 410 2327 ἐστιν
433 2256 607 2344 ἀγάλματα
630 2262 682 2326 ἐπ’
695 2257 781 2348 αὐτῷ
804 2261 825 2324 i.
842 2281 870 2326 e.
893 2260 991 2344 inea,
1016 2279 1096 2345 quae
1119 2260 1152 2324 in
1167 2259 1272 2325 fronte
1295 2264 1366 2324 est·

326 2375 446 2458 regula,
471 2381 592 2460 septem
616 2375 722 2458 sigilla
750 2396 785 2441 se
813 2375 992 2442 ostendunt
1046 2374 1106 2440 Oui
1127 2375 1196 2440 loeo
1220 2373 1342 2440 similli-

328 2511 399 2557 mus
424 2497 473 2557 est
489 2491 580 2573 alter,
603 2489 883 2557 v111.48.1.uei
906 2491 1064 2573 genitivus
1087 2491 1148 2556 loci
1172 2511 1229 2576 per
1253 2511 1342 2576 prae-

329 2607 518 2692 positionem
548 2609 584 2673 ἔν
613 2607 782 2692 repetitor:
818 2611 871 2694 τῆς
900 2604 1022 2692 ἀγορᾶς
1048 2609 1085 2673 δὲ
1111 2606 1252 2692 μάλιστα
1280 2609 1343 2673 ἐοι-

328 2730 419 2800 κυίας
442 2728 573 2812 πλίνθῳ
596 2723 678 2790 κατὰ
701 2723 737 2791 τὸ
760 2727 880 2810 σχῆμα,
895 2720 1089 2811 Ἀφροδίιης
1112 2726 1197 2790 ἐστὶν
1216 2725 1253 2789 ἓν
1268 2719 1346 2814 αὐτῇ

329 2839 409 2916 ναός
426 2889 460 2906 ..
483 2839 603 2918 Quibus
626 2840 781 2924 exemplis
804 2839 988 2935 praemissis
1010 2839 1098 2905 loeus
1113 2840 1193 2905 mihi
1211 2859 1275 2904 non
1299 2846 1346 2904 est

332 2954 541 3037 omittendus,
566 2955 619 3020 ubi
643 2955 748 3021 neseio
772 2975 813 3019 an
840 2955 958 3020 iniuria
980 2955 1118 3037 Bekker,
1142 2974 1235 3038 quem
1261 2951 1345 3020 SW.

332 3070 431 3135 secuti
455 3075 540 3153 sunt,
562 3070 596 3134 in
618 3070 725 3136 dativo
755 3069 916 3137 offendens
946 3072 1213 3157 praepositionem
1241 3073 1277 3136 dv
1299 3071 1346 3135 in·

333 3185 396 3252 seri
420 3184 497 3250 vult.

400 3299 439 3368 X.
457 3302 489 3367 2.
508 3302 538 3368 7.
562 3301 647 3368 enim
670 3300 799 3385 legitur:
830 3300 964 3369 Φαῧλου
992 3305 1029 3369 dt
1057 3299 1290 3379 ἀποθανόντος
1316 3303 1349 3377 ἐς

336 3413 505 3484 Φάλαικον
539 3414 595 3484 τὸν
629 3417 733 3484 παῖδα
766 3414 867 3485 αὐτοῦ
900 3418 1132 3504 περιεχώρησεν
1158 3417 1177 3504 ἢ
1205 3421 1351 3485 Φωκεῦσι

334 3532 522 3612 δυναστείας
557 3531 751 3600 Sohubartus
790 3554 914 3619 quoque
947 3533 1093 3601 Bekkero
1128 3535 1281 3600 suadente
1314 3536 1351 3600 ἐν

336 3653 409 3713 ante
434 3649 580 3715 Φωκεῦσι
601 3648 744 3716 inseruit.
792 3649 855 3716 Sed
878 3651 1002 3717 dativus
1029 3671 1102 3718 mee
1129 3651 1255 3736 quidem
1280 3671 1351 3716 sen-

336 3763 436 3830 tentio
480 3783 542 3829 non
590 3764 689 3831 solum
734 3785 772 3832 ex
813 3766 890 3833 loeis
937 3769 1030 3833 modo
1076 3768 1240 3850 tractatis,
1280 3763 1351 3851 (ofr.

337 3879 476 3946 mraxime
496 3877 564 3946 Vll.
581 3882 612 3947 6.
629 3882 660 3948 2.
685 3879 719 3948 τι)
735 3887 884 3967 μέγιστον
907 3897 972 3960 τοῖς
987 3880 1133 3967 ’Λχαιοΐς
1157 3919 1197 3930 -
1223 3880 1354 3968 κράτος)
