3080 4652
733 383 754 448 9

236 556 292 624 τὸν
317 553 500 626 Ἀκταίωνα
517 607 525 624 .
542 607 578 624 ..
602 558 667 624 Sed
691 557 858 625 Schubarti
881 559 1062 625 coniectura
1084 558 1250 626 lectionem

236 695 338 757 neque
361 674 541 760 expeditam
566 693 667 758 neque
696 674 736 739 ad
765 675 908 741 codicum
937 675 1071 758 vestigia
1093 675 1170 740 satis
1193 694 1251 760 ap-

236 796 336 856 tatam
359 789 438 856 mihi
454 790 579 856 videtur
593 790 775 872 restituere;
800 791 974 876 asyndeton
998 792 1080 857 eninr
1106 791 1168 856 iam
1185 811 1251 858 me·

236 905 298 971 lius
313 905 439 972 Bekker
454 906 636 989 sustulerat,
660 907 714 990 qui
729 907 857 992 scripsit
871 913 990 993 κοίτην,
1011 909 1065 973 int
1084 905 1182 995 τοτ’τη
1198 956 1206 972 .
1220 955 1228 972 .
1243 955 1251 972 .

237 1020 390 1108 φάμενοι.
436 1020 501 1087 Sed
523 1021 614 1088 facile
637 1043 678 1088 err
701 1022 844 1088 codicum
868 1023 1011 1104 vestigiis
1034 1030 1251 1106 cognoscatur,

236 1136 402 1203 librarium
427 1157 484 1223 pro
508 1145 615 1224 κοίτην
629 1145 684 1204 καί
706 1138 873 1224 scripsisse
895 1142 949 1204 ταί
973 1137 1029 1224 τη“ν
1051 1142 1106 1205 καί
1129 1144 1161 1204 ct
1183 1159 1253 1204 cor·

237 1260 396 1319 recturam
419 1278 450 1319 οι
473 1253 624 1320 vocabulo
654 1261 708 1320 καί
731 1255 959 1340 subscriptam,
987 1255 1045 1320 sod
1074 1277 1095 1321 a
1123 1254 1252 1321 librario

238 1369 413 1454 posteriore
434 1371 596 1435 contextui
619 1370 700 1436 falso
723 1371 874 1437 insortam
902 1367 1006 1456 (codd.
1024 1371 1108 1437 enim
1137 1371 1254 1436 habent

239 1487 372 1570 κοίτην
480 1492 581 1571 φασίν
604 1486 647 1565 oi)
671 1491 703 1551 et
731 1485 860 1552 alteram
891 1486 1079 1571 particulam
1107 1493 1162 1552 καί
1184 1492 1253 1551 tan·

240 1621 333 1683 qnam
356 1601 498 1686 inoptam
522 1601 670 1666 omissam
694 1621 774 1668 esse.
822 1601 932 1685 ltaque
962 1602 1050 1667 loeus
1077 1602 1255 1687 expeditior

240 1717 311 1800 erit,
335 1717 361 1782 si
389 1717 626 1802 scripserimus:
656 1723 803 1804 κοίτην,
833 1721 898 1783 καί
924 1719 978 1784 ert
1005 1717 1103 1808 ταύτῃ
1130 1717 1255 1784 καθεύ-

240 1835 309 1900 δειν
331 1837 413 1919 φασὶ
436 1836 472 1925 τῇ
493 1838 595 1918 πέτρα
611 1882 619 1898 .
638 1882 645 1897 .
663 1881 698 1899 ..

306 1949 416 2032 Neque
450 1949 543 2014 aliter
578 1949 759 2034 corruptela
793 1948 874 2014 Vlll.
903 1951 958 2016 52.
987 1951 1016 2014 1.
1052 1957 1162 2016 exorta
1196 1956 1255 2034 est,

241 2085 334 2150 quam
359 2065 494 2132 editores
517 2065 657 2130 nondum
682 2084 811 2130 sanasse
834 2065 911 2130 mihi
937 2065 1093 2131 videntur.
1125 2064 1255 2131 Codices

241 2182 325 2247 enim
353 2182 517 2247 exhibent:
547 2181 727 2266 Μιλτιάδης
754 2220 797 2231 —-
826 2179 900 2256 τούς
931 2207 964 2246 τε
992 2183 1025 2256 ές
1051 2184 1256 2266 Μαραθῶνα

242 2293 431 2382 ἀποβάντας
454 2300 517 2365 τῶν
539 2296 717 2382 βαρβάρων
738 2295 897 2382 κρατήσας
912 2294 999 2383 μάχη
1021 2295 1154 2363 καὶτὸν
1176 2296 1257 2382 πρὸς

241 2414 297 2480 τὸν
313 2415 432 2499 Μῆδον
455 2411 593 2496 ίτιισχών
616 2413 730 2480 στόίον
746 2461 754 2478 .
772 2461 780 2478 .
798 2460 833 2478 ..
856 2411 948 2478 Hunc
971 2412 1073 2478 locum
1098 2411 1158 2479 levi
1183 2433 1257 2478 oon·

242 2531 363 2596 iectura
391 2529 431 2594 ad
458 2549 585 2595 sonsum
620 2528 815 2595 tolerabilem
847 2529 949 2610 redigi
977 2548 1070 2614 posse
1098 2530 1160 2594 viri
1183 2528 1256 2594 doc-

243 2647 357 2712 tissimi
380 2645 605 2731 probaverunt,
632 2665 703 2710 cum
727 2643 854 2710 Beklrer
877 2645 984 2709 ederet
1012 2647 1067 2709 καί
1089 2644 1145 2710 τὸν
1169 2648 1257 2727 πρῶ-

243 2786 299 2831 τον
321 2763 377 2828 τοῦ
399 2761 518 2848 Μήδου
543 2766 574 2825 et
598 2757 864 2826 Sohab-Wslzius
892 2763 947 2824 καὶ
976 2758 1031 2825 τὸν
1054 2759 1180 2844 Μήδιον
1197 2807 1205 2824 .
1223 2809 1257 2824 ..

244 2878 288 2944 At
321 2878 461 2943 codicum
499 2876 632 2959 vestigia
671 2875 767 2941 aliam
810 2880 989 2941 monstrant
1022 2875 1122 2957 viam,
1163 2895 1256 2958 quam

244 2995 416 3060 Pausanias
440 2995 508 3078 ipsc
532 2992 603 3057 aliis
619 2991 696 3056 locis
711 2993 873 3074 ingressus
895 2997 960 3071 est3
984 2996 1017 3057 et
1032 2993 1106 3076 quia
1122 2991 1259 3076 scriptor

244 3113 313 3196 ipso
336 3110 431 3174 iudex
455 3115 503 3174 ost
526 3108 664 3193 optimus
694 3107 734 3173 ad
761 3128 829 3175 rem
859 3108 985 3174 dubiam
1014 3107 1258 3191 diiudicandam‚

246 3226 321 3310 quid
342 3225 420 3292 locis
443 3203 600 3290 similibus
622 3223 796 3290 Pausanias
819 3224 994 3308 scripserit,
1018 3223 1190 3289 videamus.

313 3339 367 3407 Sic
396 3340 530 3423 legimus
562 3339 733 3406 lll.9.12.
764 3339 796 3405 οἳ
818 3341 1045 3406 Θεσσαλοί-
1068 3341 1125 3404 τοῦ
1140 3337 1259 3422 1πρόσω

245 3456 301 3524 τὸν
325 3454 373 3524 'A.
404 3459 577 3541 έπειρῶντο
599 3461 730 3553 εἴργειν.
755 3454 809 3520 ΙΠ.
828 3456 882 3520 25.
903 3457 923 3520 3
947 3457 1001 3539 τῆς
1032 3456 1065 3530 ές
1091 3453 1127 3520 τὸ
1149 3453 1259 3537 πρόσω

247 3580 475 3658 στρατείας-
501 3571 696 3639 ἐπαύσαντο.
725 3569 765 3636 X.
793 3572 843 3636 19.
861 3573 891 3637 5.
919 3569 954 3636 τὸ
981 3569 1090 3655 πρόσω
1118 3571 1172 3655 τῆς
1200 3595 1260 3636 πο-

247 3697 335 3775 ρείας
363 3686 419 3756 or'us
449 3684 697 3773 ἀπεθάρσησαν.
728 3685 793 3752 VII.
819 3688 868 3754 15.
890 3690 921 3753 8.
950 3687 1006 3752 τοῦ
1035 3684 1144 3770 πρόσω
1174 3687 1261 3771 σφᾶς

247 3805 389 3874 κωλύειν.
419 3810 451 3871 et
478 3804 640 3871 simillime
666 3803 704 3868 V.
726 3805 758 3870 b.
781 3804 810 3867 7.
841 3803 872 3869 oi
900 3803 1015 3886 ἄνεμοι
1042 3839 1085 3848 —·
1113 3802 1261 3884 ἐπέχουσι

247 3927 304 3989 τοῦ
324 3921 433 4008 πρόσω
457 3922 492 3988 τὸ
515 3922 611 4006 ὕδωρ.
636 3920 688 3986 Vl.
705 3923 737 3986 5.
754 3922 785 3986 6.
809 3919 916 4002 ἄνδρα
931 3914 1060 4004 ἡνίοχον
1084 3951 1126 3964 -
1149 3919 1261 4000 ἐπέσχε
