3080 4652
727 312 767 376 19

239 495 318 574 χειρὶ
346 493 387 582 τῇ
416 490 532 573 ἑτέρᾳ
563 487 642 573 δόρυ
672 489 745 570 ἔχει.
796 487 915 553 Eodem
948 487 1032 551 enim
1062 486 1128 552 fere
1160 485 1253 549 modo

239 606 379 690 loquitur
403 603 577 671 Pausanias
601 603 638 669 V.
659 607 709 669 11.
729 605 759 669 8.
791 601 911 704 Βαίτων
927 603 963 668 δέ
979 643 1022 652 —-
1037 600 1094 678 τοὶς
1117 627 1150 667 τε
1164 599 1255 686 ἡνίας

240 727 303 787 τῶν
326 730 434 787 ἵππων
457 725 512 785 καὶ
535 725 571 812 τῇ
592 723 672 804 χειρί
687 721 751 802 ἔχει
768 723 802 811 τῇ
818 725 910 803 ἕτερα
926 719 1052 805 λόγχην.
1082 717 1133 783 Vl.
1151 720 1204 784 25.
1221 723 1253 781 4.

240 839 275 930 τῇ
297 841 376 921 χειρὶ
399 839 435 903 δὲ
458 839 521 920 ἔχει
544 840 579 927 τῇ
602 837 693 921 ἑτέρᾳ
716 835 751 900 τὸ
775 842 879 920 κέρας.

308 952 437 1018 Minime
461 958 535 1019 vero
559 953 635 1017 mihi
659 952 752 1018 lectio
776 972 870 1035 quam
894 952 981 1016 dedit
1005 950 1199 1016 Sohubartns
1222 952 1255 1014 in

241 1069 290 1134 ed.
315 1089 376 1135 rec.
401 1070 505 1155 placet
531 1069 553 1134 ‘a
581 1067 730 1150 Jahnio¹t
765 1075 906 1153 recepta:
946 1072 1000 1133 καὶ
1039 1074 1140 1152 Νίκην
1179 1069 1256 1133 ὅσον

241 1212 273 1250 τε
296 1185 473 1269 assedam,-
498 1184 692 1250 Schubartus
722 1185 806 1250 enim
835 1182 1023 1249 Pausaniam
1053 1184 1176 1269 putavit
1204 1183 1256 1248 hic

241 1307 276 1365 ut
311 1301 380 1366 aliis
415 1301 492 1366 locis
528 1303 605 1367 ὅσον
629 1327 660 1366 τε
696 1301 859 1385 scripsisse
895 1307 927 1365 et
958 1300 1145 1385 particulam
1180 1306 1255 1364 τέο

241 1417 379 1482 librariis
403 1417 471 1482 Ioco
496 1417 598 1483 alieno
622 1419 774 1483 insertam
798 1437 876 1481 esse.
909 1417 954 1481 At
976 1417 1121 1496 minime;
1147 1414 1254 1480 multis
1321 1454 1324 1460 ,

242 1534 368 1617 quidem
397 1534 474 1599 locis
503 1534 693 1599 Pausaniam
723 1554 811 1598 more
842 1533 994 1598 Herodoti
1022 1535 1092 1598 ἐπεὶ
1118 1558 1150 1597 τε
1173 1540 1208 1596 ut
1232 1533 1254 1596 Ι.

243 1652 274 1714 2.
293 1653 322 1716 2.
345 1687 390 1696 -
416 1653 468 1716 20.
486 1653 516 1716 3.
543 1687 585 1696 -
610 1653 663 1716 22.
681 1653 712 1714 3.
742 1656 774 1714 et
802 1650 878 1716 ὅσον
905 1675 937 1714 τε
967 1656 1004 1713 ut
1031 1648 1083 1714 III.
1106 1651 1186 1714 4.1.
1212 1685 1253 1695 -

243 1768 295 1830 22.
313 1769 344 1831 9.
370 1803 412 1810 -
436 1766 487 1830 VI.
506 1769 559 1831 22.
581 1771 608 1830 l.
633 1801 677 1810 —
702 1764 768 1831 VII.
789 1767 837 1830 16.
856 1766 876 1829 2
893 1772 925 1830 ot
945 1765 1070 1849 saepius
1086 1785 1257 1850 usurpasse

242 1888 376 1964 constat,
400 1901 591 1966 quamquam
616 1903 679 1947 non
702 1902 774 1946 raro
798 1881 881 1946 idem
907 1883 983 1947 ὅσον
1010 1882 1078 1946 sine
1101 1882 1257 1967 particula

242 2004 276 2062 τέ
297 2004 333 2062 ut
355 1997 407 2063 IV.
425 2001 478 2064 22.
495 2000 525 2064 5.
543 2039 587 2048 —
603 1998 640 2063 V.
659 2001 711 2064 22.
731 2001 775 2078 1.;
800 1999 854 2064 sed
871 1997 1116 2081 quotiescunque
1131 1998 1256 2063 litterae

242 2141 327 2180 τε..
355 2116 444 2199 ipsae
483 2115 673 2201 principium
714 2115 851 2179 nominis
886 2113 1058 2179 numeralis
1097 2117 1257 2198 sequentis

243 2229 394 2314 efficiunt,
418 2231 512 2296 toties
534 2229 709 2296 Pausanias
734 2249 796 2295 non
821 2230 897 2296 ὅσον
919 2255 952 2295 τε
976 2231 1030 2296 sed
1055 2230 1131 2296 ὅσον
1154 2230 1255 2295 solum

245 2349 422 2433 usurpavit,
458 2355 494 2412 nt
527 2347 676 2412 absonam
712 2347 869 2430 quandam
905 2344 1097 2430 syllabarum
1128 2365 1258 2411 concur·

244 2465 363 2530 sionem
394 2465 537 2530 evitaret.
590 2462 689 2540 Quam
720 2462 978 2542 consuetudinem
1008 2461 1153 2528 omnibus
1180 2462 1257 2527 locis

244 2580 366 2646 codices
401 2581 631 2646 consentientes
665 2577 861 2644 confirmant.
906 2576 950 2642 Hi
984 2584 1059 2642 sunt
1092 2577 1168 2660 loci,
1204 2579 1281 2660 qui.

245 2702 367 2760 extant:
404 2695 428 2761 I.
456 2698 509 2761 36.
539 2697 569 2759 2.
606 2695 683 2760 ὅσον
716 2699 946 2777 τετρακοσίους.
980 2691 1033 2758 III.
1052 2693 1104 2757 25.
1122 2694 1152 2757 9.
1182 2693 1259 2759 ὅσον

244 2811 491 2896 τεσσαράκοντα.
526 2810 594 2875 VII.
619 2813 669 2876 15.
691 2813 721 2876 8.
758 2809 836 2875 ὅσον
870 2809 1143 2891 τετρακισχιλίους.
1177 2807 1257 2877 VIII.

159 2923 163 2931 ’
245 2929 298 2992 21.
315 2930 347 2992 4.
372 2929 448 2994 ὅσον
472 2933 621 3010 τέσσαρα.
645 2924 699 2990 IX.
716 2927 748 2990 4.
765 2926 797 2998 4.
822 2924 898 2989 ὅσον
927 2922 1174 3007 τεσσαράκοντα.
1203 2922 1257 2988 IX.

245 3045 297 3110 32.
316 3045 346 3108 9.
371 3043 449 3110 ὅσον
470 3046 750 3126 τετρακισχιλίουςς
774 3061 813 3105 an
838 3059 913 3106 casu
942 3039 1001 3104 hoo
1023 3046 1117 3124 putas
1140 3039 1257 3104 factum

245 3160 334 3225 esse?
380 3161 491 3245 Neque
515 3160 554 3224 ab
579 3161 638 3224 hoc
662 3178 720 3223 usu
736 3156 910 3223 Pausanias
926 3157 1092 3221 recesserit
1113 3155 1181 3221 ioco
1205 3157 1258 3239 qni

245 3276 359 3359 legitur
382 3274 449 3342 VII.
469 3277 557 3340 18.1
582 3275 628 3340 sic
650 3275 684 3345 in
707 3272 812 3338 codd.:
838 3273 986 3346 σταδίους
1008 3296 1041 3335 τε
1057 3270 1132 3338 ὅσον
1147 3291 1260 3337 τεσσα-

245 3391 386 3476 ράκοντα
409 3389 619 3476 προελθόντι,
642 3410 735 3473 quem
758 3393 843 3454 recte
866 3387 979 3452 Facies
1004 3392 1116 3470 mutat,
1140 3387 1168 3451 si
1190 3407 1259 3451 mu·

244 3508 360 3572 tandus
384 3514 449 3590 est,
476 3508 509 3572 in
540 3507 687 3580 σταδίους
716 3505 752 3568 δὲ
781 3503 980 3580 occassum,
1008 3502 1064 3568 sed
1093 3522 1260 3587 perperam

247 3622 440 3690 Schubartns
464 3624 497 3688 in
521 3623 671 3697 σταδίους
694 3621 770 3688 ὅσον
793 3645 826 3685 τε
848 3638 979 3685 osso...

318 3873 340 3938 ¹)
358 3869 511 3924 Pausaniae
530 3868 678 3939 descriptio
697 3868 768 3921 arcis
787 3865 966 3920 Athenarum.
