3080 4652
658 373 699 437 27

170 555 225 612 καί
242 589 284 597 -
301 555 334 614 τέ
357 549 505 614 defendit.
553 548 624 634 lpse
648 571 770 635 quoque
794 552 1007 634 quomodove
1035 551 1184 617 hocloco

169 665 245 728 ferri
271 667 381 748 possit,
406 685 467 729 non
492 665 657 748 intellego,
686 687 744 732 uec
767 687 842 732 vero
866 668 1053 752 particulam
1077 668 1183 732 statim

170 779 275 844 delere
292 780 400 848 audeo.
433 780 532 858 Quam
551 781 673 846 obrem
697 783 792 847 etiam
809 782 951 848 hocloco
968 783 1183 868 pleonasmum

170 899 224 960 καὶ
248 896 341 963 ἄλλοι
363 923 395 961 τε
417 904 482 974 καί,
507 897 547 963 de
572 917 632 981 quo
657 899 928 982 supradiximus,
955 899 1184 964 restituendum

170 1017 246 1096 puto
263 1018 295 1077 et
309 1012 474 1093 legendum
492 1034 576 1079 esse:
601 1015 719 1098 ὕμνους
743 1018 805 1080 καὶ
829 1015 967 1092 ἄλλους
990 1042 1026 1081 τε
1049 1015 1184 1102 ποιήσας

169 1131 223 1195 καὶ
246 1131 279 1204 ἐς
302 1133 496 1195 Εῑλυθυίαν.

238 1243 400 1329 Expositis
428 1245 525 1326 igitur
548 1245 587 1309 iis
617 1245 708 1328 locis,
736 1246 768 1310 iu
797 1246 910 1330 quibus
940 1247 1103 1332 particulis
1132 1254 1185 1312 καί

168 1367 263 1426 -τέ
284 1362 455 1446 respondet
483 1381 617 1445 sequeus
646 1369 714 1444 καί,
743 1382 826 1427 nuuc
854 1363 956 1428 dicam
985 1363 1024 1429 de
1047 1364 1101 1445 iis,
1130 1363 1184 1429 ubi

169 1477 362 1562 copulationi
387 1484 441 1543 καί
457 1517 498 1526 -
516 1485 549 1543 τέ
572 1478 672 1543 altera
696 1479 852 1563 particula
875 1500 938 1544 nou
962 1486 1010 1545 est
1026 1480 1183 1564 opposita.

169 1592 237 1670 Quo
261 1594 299 1659 de
322 1614 381 1658 usu
405 1594 537 1659 multum
563 1615 581 1658 a
604 1595 681 1660 viris
706 1595 787 1659 doct.
804 1596 1013 1681 disceptatum
1036 1601 1099 1672 est;
1123 1615 1183 1659 uon

169 1711 274 1773 minus
302 1717 407 1774 utrum
437 1711 520 1794 apud
555 1711 726 1795 scriptores
760 1712 882 1776 Atticos
916 1717 1039 1776 extaret
1073 1731 1182 1790 necue,

147 1845 266 1908 uuam
292 1846 372 1908 quae
395 1826 604 1910 copulationis
629 1833 713 1892 esset
735 1825 936 1910 significati03
960 1827 1031 1892 vide
1052 1826 1184 1912 Sauppii

170 1942 293 2026 epistol.
320 1941 389 2006 crit.
418 1941 457 2006 ad
481 1940 518 2007 G.
537 1941 751 2007 Hermannum
777 1963 829 2027 pg.
847 1943 990 2009 81—87.

240 2057 397 2143 Sauppius
415 2058 510 2140 euim,
527 2078 620 2142 quem
637 2059 771 2124 editores
789 2061 978 2125 recentiores
994 2066 1030 2124 ut
1044 2059 1185 2140 Krueger

170 2179 202 2239 et
225 2173 405 2239 Classeuius
429 2176 461 2238 in
486 2175 720 2238 commentariis
744 2175 783 2240 ad
805 2175 1019 2260 Thucydidem
1043 2175 1183 2257 laudant,

171 2291 357 2355 senteutiam
383 2289 508 2374 repellit
532 2288 692 2354 Schaeferi
718 2291 756 2355 ad
780 2290 912 2375 Dionys.
930 2290 1001 2356 Hal.
1019 2291 1057 2356 de
1081 2310 1182 2376 comp.

69 2418 80 2426 ‘
170 2405 255 2470 verb.
273 2426 303 2490 p.
325 2407 397 2488 191,
415 2407 466 2489 qui
485 2406 656 2490 particulas
673 2413 727 2471 καί
742 2443 785 2452 -
801 2413 835 2471 τέ
851 2406 1048 2474 abundanter
1065 2409 1184 2492 positas

171 2542 239 2586 esse
263 2523 434 2604 existimat,
459 2529 491 2587 et
513 2521 642 2604 Handii,
668 2523 736 2600 (cir.
754 2524 792 2588 de
816 2524 928 2608 partic.
954 2531 987 2590 τέ
1009 2523 1032 2588 Ι.
1051 2545 1103 2609 pg.
1120 2525 1183 2606 18.)

170 2638 224 2721 qui
247 2645 300 2703 καί
316 2673 358 2682 -
376 2644 409 2703 τέ
433 2643 547 2720 „atque
571 2637 636 2703 ita“
662 2637 840 2720 significare
863 2645 964 2722 putat,
989 2645 1020 2705 et
1042 2639 1184 2720 Remigii,

171 2754 240 2834 (etr.
270 2754 443 2819 couiectau.
470 2774 522 2837 pg.
544 2756 658 2836 213.),
698 2753 851 2820 Matthiae
891 2757 954 2836 (gr.
980 2775 1027 2836 gr.
1053 2754 1101 2820 ed.
1129 2753 1182 2819 Ill.

169 2889 200 2954 p.
221 2866 336 2954 1504),
364 2869 515 2935 Boeokhii
536 2873 633 2955 (corp.
656 2871 750 2935 iuscr.
773 2870 873 2954 praef.
896 2869 1010 2950 XXII.)
1032 2870 1182 2934 aliorum-

170 3005 230 3068 que
253 2987 392 3051 virorum
421 2987 521 3068 doct,
556 2987 609 3070 qui
640 2987 679 3051 ad
711 2985 953 3070 explicationem
985 2965 1182 3070 „etiamque“

169 3102 366 3186 confugiunt,
390 3123 460 3167 cum
484 3103 534 3167 vir
556 3102 637 3167 doct.
663 3104 732 3188 ipse
754 3104 794 3167 iis
818 3103 906 3185 locis,
935 3101 988 3168 ubi
1012 3103 1185 3189 particulae

169 3226 224 3284 sat
239 3253 282 3262 -
299 3225 332 3284 τέ
347 3219 446 3284 altera
459 3218 613 3302 particula
628 3239 690 3284 nou
709 3226 859 3304 exceptae
875 3219 907 3282 iu
924 3217 1013 3284 codd.
1027 3219 1184 3300 leguntur,

171 3335 357 3419 particulam
382 3341 415 3399 τέ
438 3343 494 3399 aut
516 3334 680 3399 delendam
706 3343 761 3400 aut
784 3335 967 3400 mutandam
993 3354 1062 3399 esse
1086 3340 1182 3419 putet.

171 3450 234 3533 lpsi
253 3470 376 3534 quoque
392 3449 533 3532 Krueger
549 3470 596 3532 gr.
613 3469 659 3530 gr.
676 3448 700 3514 l.
715 3451 768 3515 69.
783 3451 836 3514 32.
854 3469 882 3514 a.
903 3453 940 3514 11
951 3447 972 3529 ¹)
990 3457 1023 3515 et
1037 3449 1185 3515 Kuehner

162 3731 167 3742 ’
242 3733 262 3799 ¹)
281 3732 407 3800 Krueger
424 3747 448 3784 a.
463 3731 480 3786 l.
493 3731 657 3785 sententiam
671 3745 843 3799 nequaquam
858 3730 987 3784 distinete
1001 3729 1109 3798 aperit,·
1121 3744 1183 3783 eom

169 3829 248 3882 dicit:
261 3835 307 3883 καί
317 3859 350 3866 -
360 3833 385 3884 τέ
397 3828 572 3897 gebraucheu
585 3829 630 3882 die
639 3828 750 3882 Attiker
762 3829 796 3883 in
808 3829 865 3883 der
879 3829 923 3882 Re
928 3827 984 3896 gel
997 3823 1073 3880 nicht
1085 3825 1184 3881 andern

170 3929 210 3981 als
230 3943 270 3996 so,
289 3927 355 3982 dass
373 3928 434 3982 dem
455 3933 481 3983 ιε’
499 3929 543 3984 ein
562 3925 705 3997 folgendes
723 3933 768 3982 act
787 3927 865 3995 (oder
884 3931 920 3992 τέ)
939 3924 1097 3995 eutsprioht.
