3080 4652
667 317 711 382 43

186 499 354 577 Καβείροις
377 495 482 578 δῶρον
500 541 507 558 .
526 542 553 570 .,
578 491 631 559 ubi
657 493 780 577 quidem
807 493 906 558 dativi
922 494 993 558 usui
1017 491 1095 557 nihil
1123 492 1194 557 miri

182 609 281 692 inest,
321 610 403 694 quod
445 610 642 675 substantiva
682 609 805 694 μήνιμα
841 617 872 674 et
909 612 1014 694 δῶρον
1044 633 1063 674 a
1090 609 1194 674 verbin

182 725 323 790 dativum
357 726 581 811 recipientibus
617 726 810 791 derivantur.
857 726 919 792 Sed
954 726 1062 791 durior
1095 725 1194 790 dativi

181 861 268 922 usus,
293 843 346 925 qui
369 842 464 908 verbo
488 844 604 908 omisso
628 843 856 924 intellegendus
880 849 937 908 eat.
985 841 1039 908 Sia
1060 843 1193 924 legimus

181 955 233 1022 lll.
255 959 304 1023 15.
322 960 353 1023 4.
383 951 508 1035 Οίωνδς
537 959 661 1044 ἡλικίαν
688 961 748 1043 μὲν
775 957 959 1044 μειράκιον,
992 955 1130 1042 ἀνεψιὸς
1159 960 1194 1024 δὲ

176 1073 328 1157 Ἡρακλεῖ
360 1110 400 1120 -
437 1071 569 1161 ἄφίκετο
592 1124 599 1139 .
623 1106 653 1156 .,·
688 1075 814 1140 dativus
843 1074 995 1157 Ἡρακλεῖ
1026 1075 1143 1160 pendet
1176 1095 1193 1140 e

181 1191 348 1274 participio
373 1189 419 1257 ὤν
442 1192 573 1272 amiran,
605 1191 688 1275 qund
714 1191 766 1255 lV.
784 1192 854 1257 Ἠ)
878 1191 1020 1256 additum
1049 1199 1110 1256 est:
1139 1192 1194 1257 τὸν

181 1313 336 1392 Κρηθέως
361 1343 400 1352 -
427 1303 568 1390 ἆνεψιδν
592 1307 669 1373 ὄντα
693 1305 796 1396 αῧτῷ,·
818 1307 902 1372 idem
927 1307 1012 1373 uadit
1035 1308 1066 1372 in
1090 1308 1191 1371 locum

180 1419 262 1486 Vlll.
280 1425 309 1488 3.
327 1425 358 1488 5.
384 1429 545 1507 Οἴνωτρος
568 1422 636 1488 ult
653 1427 716 1490 τῶν
732 1425 861 1490 παίδων
876 1423 1033 1500 νεώτατος
1047 1423 1194 1490 Λυκαόνι

180 1535 325 1622 ἀρσένων
355 1577 396 1586 —-
428 1539 617 1626 ἐπεραιώθη
634 1586 642 1603 .
660 1589 692 1604 ..
729 1541 832 1604 Aliter
861 1562 935 1605 vern
965 1561 1015 1605 res
1045 1540 1194 1605 sehabet

180 1653 230 1719 Vl.
250 1658 279 1721 3.
297 1658 327 1720 3.
353 1656 405 1721 ubi
428 1656 559 1736 legitur:
590 1663 738 1742 φαίνοιτο
767 1657 809 1722 ἂν
837 1654 896 1722 οὖν
924 1683 943 1742 η
966 1659 1019 1722 ἐπὶ
1045 1659 1193 1722 Σικυῶνα

180 1767 315 1837 Ἠλείων
344 1775 398 1836 καί
436 1777 591 1856 Θηβαίων
629 1778 777 1854 στρατεία
815 1775 1012 1857 γεγενῆσθαι
1043 1771 1123 1856 μετὰ
1158 1770 1192 1837 τδ

179 1881 325 1971 ἀτύχημα
353 1887 624 1971 Λακεδαιμονίοις
657 1886 692 1952 τδ
720 1890 756 1954 ἐν
782 1886 964 1971 Λεύκτροις.
1022 1887 1056 1953 ln
1086 1885 1191 1953 dativo

179 2001 242 2066 iam
273 2001 458 2085 Sylbuvgius
494 2001 640 2084 offendit,
676 2003 729 2086 qui
759 2010 812 2067 aut
841 2004 1111 2088 Λακεδαιμονίων
1139 2012 1193 2068 aut

179 2119 450 2201 Λακεδαιμονίοις
473 2117 601 2202 σομβοὲν
624 2118 823 2183 scribendum
848 2140 916 2183 ease
931 2119 1069 2204 putavit3
1094 2119 1193 2185 Schu-

180 2233 289 2297 bartus
313 2235 343 2298 in
368 2235 467 2318 praef.
485 2233 533 2298 ed.
550 2253 611 2298 ren.
637 2235 808 2315 genitivum
834 2235 981 2318 praefert.
1015 2233 1083 2313 Ego
1106 2257 1192 2319 vero,

180 2368 370 2432 quamquam
388 2345 544 2414 Siebelisii
570 2349 802 2414 adnotationem
821 2371 848 2414 a.
866 2350 886 2416 l.
904 2351 1043 2415 dativum
1061 2351 1191 2433 genitivi

178 2464 247 2530 loeo
271 2466 408 2549 positum
440 2487 508 2530 esse
531 2467 691 2550 improba,
722 2473 827 2531 tamen
855 2465 994 2531 dativum
1024 2469 1192 2553 repudiare

180 2600 241 2644 nnn
271 2581 386 2663 audeo,
422 2601 491 2645 uum
523 2581 695 2646 Pausanias
733 2584 893 2667 participii
928 2583 1032 2668 ellipsi
1065 2584 1191 2649 uberius

179 2715 272 2778 quam
297 2699 391 2761 ueteri
416 2698 585 2780 scriptores
609 2703 727 2780 utatur,
752 2717 851 2781 neque
868 2699 927 2762 hne
942 2698 1010 2763 loeo
1035 2719 1074 2764 ex
1097 2701 1190 2765 verbo

177 2815 374 2898 γενενῆσθαι
397 2814 597 2899 participium
622 2821 844 2900 γεγενημένον,
870 2815 951 2879 unde
975 2815 1099 2879 dativus
1116 2835 1191 2900 peu·

180 2929 264 3010 deat,
288 2929 465 3010 intelligere
488 2929 615 2995 difficile
639 2931 690 2995 sit.
723 2929 810 3007 Quod
836 2951 908 2994 vero
925 2929 1191 2996 Pausaniasaliis

178 3044 255 3110 loeis
272 3047 327 3111 etr.
341 3045 364 3110 l.
382 3048 412 3110 3.
429 3047 460 3110 4.
480 3046 560 3110 Vlll.
579 3051 608 3113 a.
627 3049 657 3110 2.
675 3048 849 3129 genitivum
867 3045 1013 3132 posuit),
1026 3047 1100 3112 inde
1112 3049 1192 3113 nihil

179 3167 284 3246 potest
308 3160 400 3244 effici,
425 3161 508 3246 quod
531 3162 594 3227 illis
618 3162 694 3228 loeis
719 3165 934 3248 participium,
968 3164 1006 3229 ad
1031 3165 1112 3248 quod
1138 3166 1192 3228 da-

179 3278 262 3340 tivus
285 3278 452 3359 referatur,
487 3299 526 3342 ex
562 3280 657 3344 verbo
691 3280 780 3344 finita
815 3279 948 3361 intelligi
982 3298 1045 3343 non
1075 3287 1191 3364 potest.

179 3393 241 3458 Sed
271 3413 332 3457 non
363 3393 454 3476 pauci
485 3400 595 3458 extant
624 3395 707 3478 apud
730 3393 919 3459 Pausaniam
948 3395 1024 3478 loci,
1054 3396 1107 3479 qui
1131 3398 1191 3461 nisi

178 3529 235 3593 per
260 3509 419 3593 participii
443 3508 567 3592 ellipsin
591 3529 653 3573 non
679 3517 811 3593 possunt
834 3511 995 3595 explicari.
1027 3510 1070 3575 Ut
1086 3532 1191 3576 exem-

179 3625 266 3710 plum
291 3625 579 3710 frequentissimum
604 3626 825 3710 praemittam,
854 3627 982 3707 legitur:
1012 3625 1119 3692 Vua.
1141 3628 1190 3691 13.

252 3871 271 3934 ¹)
291 3867 340 3922 cfr.
355 3868 525 3924 Schubartua
545 3870 572 3923 in
591 3867 676 3938 praef.
697 3884 743 3938 pg.
757 3869 859 3924 XXlll.
