3080 4652
650 335 692 398 29

164 515 315 596 ἐξέβαλεν
338 515 373 578 ἐκ
397 510 645 596 Πελοποννήσου
668 515 722 576 καί
745 515 808 577 τῶν
824 509 976 577 Είλοίτοιν
991 537 1023 575 τε
1039 507 1179 576 ἀπέδοτο

164 629 242 695 ὅσον
265 632 463 714 τρισχιλίους,
487 635 570 713 τείχη
586 629 622 694 δὲ
638 631 778 712 περιεῖλε
793 631 846 713 τής
862 625 1023 712 Σπάρτης,
1046 630 1100 691 καὶ
1111 640 1179 702 τοίς

164 744 298 831 ἐφήβοις
321 757 455 827 προεῖπε
471 794 479 809 .
498 793 505 810 .
553 742 631 808 Cum
648 749 732 829 τείχη
748 744 784 808 δέ
799 743 981 828 oppositum
1012 744 1053 806 sit
1077 743 1179 807 verbis

165 866 363 944 τριακοσίους
386 867 457 944 μέν,
481 860 638 945 particula
667 866 699 924 τί
721 879 784 924 non
807 859 902 924 babet
925 878 986 942 quo
1010 859 1179 936 reseratum

166 977 220 1040 scd
245 976 271 1040 si
296 976 530 1060 copulationem
558 983 670 1040 καί-
687 981 721 1040 τί
744 996 813 1060 per:
847 973 1046 1058 „etiamque“
1082 978 1179 1041 inter-

166 1065 285 1176 pretari
319 1091 413 1174 velis,
448 1092 519 1156 vide
554 1112 594 1156 ne
629 1111 740 1156 sensus
774 1090 834 1155 loci
871 1093 1071 1172 neglegatur,
1106 1091 1180 1173 quia

166 1205 390 1291 Philopoemen
420 1204 584 1272 'trecentos
625 1209 695 1272 illos
734 1207 897 1272 seditionis
936 1212 1078 1272 auctores
1117 1227 1179 1272 non

168 1323 309 1388 vendidit
345 1325 400 1388 sed
436 1325 536 1390 eiecit.
596 1324 704 1407 ltaque
737 1343 807 1389 cum
843 1323 998 1408 particula
1026 1329 1060 1388 τί
1089 1343 1180 1388 suum

166 1439 269 1503 locum
293 1459 355 1504 non
380 1447 500 1522 teneat,
530 1448 585 1506 aut
612 1460 681 1504 cum
712 1438 877 1505 Submittio
906 1439 1105 1505 scribendum
1134 1447 1181 1504 est

166 1558 221 1620 καὶ
255 1558 318 1622 τῶν
352 1557 423 1622 nit.
453 1555 592 1623 ἀπέδοτο
622 1555 697 1622 ὅσον
725 1583 757 1621 τε
784 1578 881 1641 τρισχ,
910 1561 979 1638 aut,
1014 1555 1096 1638 quod
1124 1576 1180 1636 ego

166 1671 287 1754 malim,
309 1672 510 1737 librariorum
535 1692 639 1736 errore
662 1674 758 1736 verba
781 1677 924 1757 τείχη-
938 1671 1087 1757 Σπάρτης
1110 1679 1182 1756 post

167 1788 264 1851 verba
288 1791 342 1852 καὶ
365 1791 428 1857 τῶν
451 1789 512 1856 Είλ
528 1837 536 1852 .
554 1837 562 1852 .
580 1823 620 1832 -
639 1809 738 1872 τρισχ,
766 1789 869 1873 posita
893 1793 982 1869 sunt,
1010 1788 1055 1852 ita
1078 1794 1114 1852 ut
1137 1788 1182 1852 sic

167 1905 395 1970 restituendum
422 1906 479 1970 sit:
503 1912 701 1988 τριακοσίους
723 1911 783 1989 μέν
799 1941 841 1950 -
858 1907 1011 1988 ἐξέβαλεν
1026 1907 1061 1970 εἰι
1078 1908 1182 1971 [leto-

166 2019 342 2104 ποννήσου,
365 2029 448 2107 τείχη
471 2023 507 2086 δὲ
524 2026 659 2106 περιεῖλε
675 2024 728 2102 τής
743 2021 903 2106 Σπάρτης,
929 2025 984 2086 καὶ
999 2024 1063 2088 τῶν
1078 2021 1182 2088 Ελλά-

167 2161 231 2201 των
254 2162 286 2201 τε
310 2134 449 2203 ἀπέδοτο
473 2138 550 2204 ὅσον
572 2157 670 2220 τρισχ,
687 2141 740 2202 καί
762 2151 828 2212 τοῖς
843 2136 976 2224 ἐφήβοις
992 2151 1125 2222 προεῖπε

236 2251 346 2317 Restat
369 2253 480 2318 tertius
504 2253 604 2336 locus,
631 2254 666 2317 in
695 2273 755 2336 quo
784 2273 858 2316 num
888 2253 1045 2338 copulatio
1069 2261 1124 2319 καί
1139 2293 1182 2302 -

168 2373 204 2432 τέ
235 2368 345 2432 melius
381 2389 474 2452 quam
509 2371 542 2434 in
572 2369 730 2454 prioribus
764 2375 919 2453 usurpata
946 2371 1002 2451 sit,
1038 2371 1181 2453 equidem

171 2483 291 2548 dubito.
337 2483 500 2550 Editiones
525 2489 606 2550 enim
624 2484 812 2550 v111.39.2
836 2485 1003 2569 praebent:
1028 2485 1068 2551 τά
1093 2488 1129 2552 δὲ
1152 2489 1183 2562 ἐς

168 2598 227 2665 τὸν
242 2600 411 2675 Λυκάονος
429 2604 587 2681 Φίγαλον,
610 2597 703 2677 οὗτος
724 2601 846 2684 γάρ-
863 2605 917 2666 καὶ
945 2601 988 2676 ὦς
1010 2607 1184 2686 μετέβαλεν

170 2713 236 2782 uva
258 2693 375 2799 χρόνον
399 2715 464 2782 ἀπὸ
490 2717 616 2784 Φιάλου
642 2720 862 2793 Βουκολίωνος
877 2716 912 2782 τὸ
929 2714 1034 2801 ὄνομα
1057 2718 1184 2800 ήπόλις

170 2839 224 2898 καὶ
259 2831 358 2910 αὖθίς
392 2861 424 2899 τε
452 2831 637 2924 άνεσηίσατο
672 2836 707 2900 τὸ
737 2831 890 2918 ἀρχαίου,
930 2833 1003 2898 τάδε
1036 2839 1097 2917 μέν
1130 2841 1184 2900 καὶ

170 2948 325 3034 πρότερον
352 2949 522 3034 ἐσήμαινεν
549 2946 624 3036 ήμῖν
652 2948 669 3014 ὁ
692 2949 797 3029 λόγος.
838 2949 872 3014 Si
902 2948 1075 3015 Pausanias
1107 2951 1184 3015 scri-

171 3068 287 3150 psisset
315 3069 489 3149 μετέβαλεν
515 3103 555 3110 -
581 3065 617 3131 τὸ
644 3066 749 3149 ὄνομα
772 3066 791 3152 ή
815 3065 909 3143 πόλις
936 3071 989 3131 καὶ
1023 3065 1122 3142 αὖθίς
1153 3094 1185 3132 τε

170 3184 344 3265 μετέβαλεν
367 3183 399 3256 ἐς
422 3182 458 3272 rr}
481 3179 629 3266 ολρχαίον,
653 3183 810 3267 copulatio
827 3189 939 3248 καί-
956 3189 989 3248 τέ
1005 3181 1184 3264 significans

174 3297 371 3381 „etiamque“
398 3298 526 3363 tolerari
550 3304 666 3383 posset,
691 3300 718 3363 si
742 3300 867 3382 quidem
893 3318 930 3362 ea
957 3287 1092 3363 omnino'
1112 3319 1185 3364 con·
1234 3283 1241 3290 ¹

172 3414 241 3477 cedi
276 3419 396 3499 potest;
431 3415 485 3479 sed
520 3415 578 3478 boc
614 3415 680 3478 loco
716 3433 786 3479 cum
823 3411 924 3489 αὖθις
958 3411 1186 3504 άνασηίζεσθαι

172 3529 235 3592 iam
260 3529 452 3613 pleonastice
475 3531 592 3595 dictum
617 3531 658 3594 sit
680 3531 811 3614 insuper
826 3535 880 3596 καὶ
896 3527 996 3606 αὖθίς
1011 3558 1044 3596 τε
1060 3528 1184 3597 άνασ..

172 3645 233 3709 dici
259 3665 350 3729 posse
373 3665 435 3711 non
458 3646 560 3711 credo.
609 3645 677 3722 Qua
700 3665 734 3712 re
757 3647 912 3731 particula
936 3653 968 3711 τί
991 3653 1064 3731 post
1087 3643 1186 3722 αὖθις

173 3761 251 3825 mihi
280 3761 411 3826 delenda
438 3762 576 3842 videtum
614 3762 670 3826 sed
700 3770 806 3826 utrum
836 3769 1016 3828 correctura
1044 3768 1101 3836 θις
1128 3782 1185 3846 pro

175 3874 263 3954 αὖτε,
286 3897 366 3961 quae
389 3874 489 3953 αὖθις
511 3903 544 3942 τε
567 3877 790 3962 procreaverit,
820 3878 852 3942 in
882 3877 1051 3962 archetypo
1080 3877 1185 3959 fuerit,
