3080 4652
785 412 826 476 10

297 589 353 654 τοῦ
375 587 495 672 πρόσω.
512 586 593 653 VIII.
607 589 660 654 54.
672 589 702 652 3.
720 588 831 671 ἔμελλε
842 623 885 633 -
898 588 978 673 μηδὲ
991 583 1122 673 ’Λδρίας
1133 575 1312 675 ἐνασχήσαν

298 701 397 769 odada
418 706 476 770 τοῦ
497 703 618 787 πρόσω.

365 817 484 895 Quibus
508 839 525 884 e
547 818 624 884 loeis
648 818 726 886 satie
750 817 906 884 luoulento
929 824 1074 904 apparet,
1098 838 1191 903 qnam
1216 839 1312 904 saepe

297 933 471 1000 Pausanias
501 935 690 1000 sententiam
722 933 857 999 similem
888 912 1036 1001 similiter
1068 934 1253 1001 formaverit
1281 941 1312 1000 et

297 1051 422 1133 ἐπέχειν
444 1053 500 1118 τοῦ
522 1050 632 1134 πρόσω
659 1051 871 1135 usurpaverit,
894 1057 931 1116 ut
959 1047 1160 1135 brachylogia
1175 1050 1310 1134 quadam

298 1166 382 1232 dieat
404 1165 483 1232 illud
507 1187 580 1252 pro:
616 1165 787 1251 impedire,
823 1187 863 1231 ne
891 1166 961 1252 quis
984 1167 1035 1231 vol
1058 1166 1133 1251 quid
1157 1165 1310 1251 prolioiat.

297 1283 365 1360 Qua
392 1303 427 1349 re
454 1282 542 1348 loeus
569 1302 693 1368 quoque
722 1282 761 1348 de
790 1302 852 1366 quo
881 1283 1019 1364 agimus,
1052 1282 1098 1348 sio
1127 1279 1312 1347 reficiendus

298 1404 359 1464 est:
395 1402 458 1464 καὶ
486 1402 553 1465 aori
587 1397 716 1482 πρόσω
736 1397 818 1490 Ιτὸν
847 1396 996 1483 Μήδων
1026 1396 1165 1480 ἐπισχών
1187 1396 1311 1465 στόλον.

296 1511 462 1578 Librarius
485 1519 590 1578 autem
616 1517 650 1577 ut
673 1512 727 1578 IX.
746 1515 777 1578 2.
795 1514 826 1577 3.
850 1538 905 1578 και
932 1537 989 1598 την
1015 1538 1071 1577 και
1093 1513 1139 1578 sio
1163 1513 1221 1578 hoo
1243 1513 1311 1576 looo

297 1629 352 1696 τὸν
375 1628 484 1715 πρόσω
507 1628 563 1696 τὸν
585 1627 712 1715 Μήδων
738 1628 937 1711 neglegentia
965 1649 1022 1694 sua
1050 1629 1193 1714 scripsit,
1217 1648 1311 1713 quam

298 1745 463 1811 lectionem
479 1745 637 1830 posterior
653 1744 757 1810 soriba
779 1745 813 1810 in
835 1745 892 1812 τὸν
915 1743 995 1830 πρὸς
1018 1745 1075 1812 τὸν
1091 1746 1210 1831 Μῆδον
1230 1743 1311 1809 male

298 1863 444 1927 correxit.

365 1976 488 2042 Pariter
530 1982 634 2042 autem
679 1975 800 2060 aliquot
841 1975 920 2041 loeis
958 1975 1081 2061 syllaba
1120 1977 1311 2061 praeoedere

297 2093 401 2175 prima
428 2091 516 2159 verbi
543 2093 702 2176 sequentis
732 2091 853 2176 syllaba
883 2091 932 2158 vel
961 2111 1037 2158 sono
1065 2091 1115 2158 vel
1142 2092 1244 2159 iorma
1271 2093 1311 2156 si·

298 2207 365 2273 mili
388 2208 564 2294 intercepta
591 2216 623 2273 ot
649 2228 803 2294 oppressa
826 2213 889 2291 est,
920 2228 1013 2292 quam
1045 2213 1168 2293 partem
1199 2207 1311 2273 deindo

298 2323 491 2390 decurtatam
526 2323 675 2390 librarius
712 2344 767 2390 suo
806 2324 937 2390 arbitrio
970 2324 1131 2390 formavit
1183 2322 1234 2388 Sio
1260 2322 1310 2387 Vl.

298 2442 352 2506 22.
369 2442 407 2523 9,
435 2441 489 2506 ubi
512 2438 686 2506 Pausanias
709 2440 866 2523 Alpheum
897 2460 1004 2506 amore
1032 2439 1156 2505 Dianae
1183 2447 1310 2524 oaptum

298 2556 327 2621 ei
351 2556 415 2621 vim
439 2553 551 2622 afferre
574 2560 721 2621 conatum
745 2575 815 2622 esse
837 2563 964 2656 narrat,
994 2556 1026 2621 in
1055 2554 1145 2621 oodd.
1170 2555 1216 2619 ita
1239 2575 1311 2639 per-

298 2672 394 2754 gItur:
418 2674 473 2737 καί
496 2667 595 2737 ababa
618 2673 651 2748 ἐς
673 2672 857 2754 παννυχίδα
879 2673 912 2748 ἐς
927 2676 1100 2755 Λετρίνους
1116 2673 1228 2738 ἐλθεῖν
1248 2666 1311 2736 ὑπὸ

298 2783 394 2873 αὐτῆς
416 2813 449 2853 aa
471 2784 633 2873 ἀγομένην
656 2786 758 2867 (codd.
783 2782 835 2871 ον)
859 2789 911 2872 τῆς
939 2782 1128 2872 Ἀρτέμιδος
1154 2789 1209 2851 καὶ
1232 2810 1312 2870 νυμ-

299 2906 384 2988 φῶν,
408 2904 459 2979 αίς
481 2905 605 2980 παίζων
629 2905 726 2988 ουνῆν
741 2897 937 2969 ἀκολουθῶν
959 2897 1066 2986 (duat.
1085 2901 1236 2967 omittunt
1258 2921 1312 2986 op·

297 3018 369 3082 timi
391 3015 495 3102 oodd.)
518 3014 598 3110 αὐτῇ
620 3013 714 3103 (αὐτή
737 3013 807 3100 La).
855 3015 1113 3083 Sio'Pausaniam
1142 3036 1204 3082 non
1235 3018 1312 3082 sori-

299 3135 399 3219 psisse
422 3154 514 3200 nemo
529 3154 593 3198 non
609 3133 705 3217 videt,
730 3133 804 3217 qnia
827 3133 860 3199 id
876 3134 1005 3200 minime
1027 3135 1061 3199 in
1085 3154 1188 3200 rerum
1213 3134 1312 3200 oonti·

299 3249 480 3317 nuatiouem
514 3249 658 3334 quadrat.
712 3248 875 3327 Quomodo
910 3249 994 3316 enim
1029 3249 1098 3316 fiori
1126 3251 1242 3336 potuit,
1278 3255 1313 3315 ut

298 3364 438 3451 Alpheus
461 3366 673 3451 nympharum
696 3365 817 3431 lusibus
840 3367 905 3432 iam
928 3367 1105 3448 interesset,
1135 3385 1206 3430 oum
1230 3363 1312 3429 Pau-

298 3482 404 3546 sanias
431 3487 559 3565 pergat:
587 3479 643 3548 τὸν
670 3477 838 3568 Ἀλφειόν,
862 3479 905 3559 ὥς
921 3484 1037 3568 deiide
1053 3530 1062 3547 .
1080 3530 1108 3558 .,
1132 3487 1165 3546 et
1183 3500 1239 3546 our
1254 3480 1313 3546 dea

299 3597 358 3663 sibi
381 3596 592 3681 nymphisque
614 3617 670 3662 ora
692 3596 758 3662 luto
783 3597 910 3681 oblevit,
933 3616 1004 3663 oum
1021 3597 1173 3682 Alpheus,
1198 3597 1224 3661 si
1247 3595 1312 3660 iam

299 3712 461 3794 adfuisset,
491 3731 561 3776 eam
588 3717 682 3777 autea
711 3712 902 3798 anymphis
931 3713 1110 3778 discernere
1138 3711 1312 3796 potuisset?

299 3828 367 3905 Qua
401 3848 435 3893 re
462 3828 559 3894 verba
586 3828 636 3903 αίς
666 3829 789 3904 παίζων
817 3831 916 3914 συνῆν
943 3861 985 3874 -
1014 3824 1093 3920 αὐτῇ
1121 3847 1191 3893 oum
1220 3827 1313 3894 Butt-

298 3962 414 4009 manno
437 3949 469 4010 et
493 3944 563 4010 ahie
587 3949 736 4029 corrupta
759 3963 828 4010 osse
851 3949 938 4030 puto,
962 3961 1063 4028 neque
1087 3964 1162 4009 vero
1191 3944 1312 4010 oonatis
