3080 4652
715 373 755 436 15

227 549 364 615 stantiva
398 547 591 635 copulanda3
632 547 827 632 frequentius
865 547 949 613 idem
990 546 1049 614 hae
1087 547 1243 632 particula

226 665 388 748 coniungit
422 666 589 731 enunciata
623 670 659 730 ut
694 662 717 728 Ι.
735 665 787 729 25.
805 665 836 730 5.
867 703 911 715 -
939 663 977 728 ll.
995 665 1048 729 21.
1067 667 1098 731 6.
1122 705 1166 714 -
1190 664 1239 729 ΙΙΙ.

226 782 257 846 8.
274 783 305 847 5.
330 815 370 825 -
395 779 447 846 IV.
463 783 495 846 4.
516 785 544 846 l.
570 815 608 826 -
640 785 673 845 et
701 779 869 865 permultis
896 777 967 844 aliis
995 780 1081 846 locis.
1133 779 1242 863 Neque

226 894 319 960 aliter
341 893 407 960 VII.
425 897 518 961 2Ο.4
542 900 619 980 puto
647 895 847 961 scribendum
870 915 954 977 esse,
985 895 1039 960 ubi
1068 894 1122 960 alii
1151 894 1242 960 alitor

226 1011 396 1077 conioiunt.
442 1010 477 1076 ln
506 1011 596 1076 oodd.
625 1010 708 1076 anim
734 1017 797 1076 ost:
825 1013 1026 1096 πεποιημένα
1053 1008 1241 1096 ἦνὉμήρῳ

219 1129 303 1212 Ιβοῦς
327 1123 519 1194 Ἀπόλλωνα
541 1168 587 1180 -
610 1133 729 1212 νέμειν.
782 1128 964 1194 Ποσειδῶνι
992 1132 1184 1212 περιέθηκεν
1206 1128 1242 1193 ἐν

225 1240 339 1311 Ἰλιάδι
366 1243 406 1310 τὰ
434 1244 495 1330 ’ἔπη
616 1243 809 1310 Partioultam
839 1251 877 1310 τέ
906 1250 981 1310 ante
1008 1250 1242 1330 περιέθηκεν

227 1359 382 1426 excidisse
405 1360 533 1444 opinor,
565 1359 647 1443 quod
671 1359 798 1443 quidem
821 1361 935 1425 vitium
963 1360 1164 1426 librariorum
1193 1361 1242 1425 fa-

226 1474 342 1542 cillima
365 1481 470 1560 potest
492 1475 637 1557 intelligi.
1050 1483 1051 1486 ’

292 1590 335 1656 Ut
368 1611 443 1657 vero
478 1591 709 1677 copulationem
740 1597 775 1657 τί
786 1627 829 1638 -—
842 1599 896 1657 καί
929 1592 1042 1657 leviter
1076 1591 1241 1674 attingam,

225 1705 414 1790 Pausanias,
450 1708 532 1792 quod
563 1706 646 1792 apud
680 1708 850 1792 scriptores
879 1707 991 1772 atticos
1025 1726 1112 1790 raro,
1148 1725 1243 1790 saepe

226 1823 309 1907 apud
336 1822 531 1889 Herodotum
561 1823 758 1908 reperimus,
787 1822 964 1888 numeralia
991 1841 1048 1908 per
1077 1825 1111 1888 τί
1130 1828 1242 1886 -καί

226 1946 411 2005 oonneotero
434 1938 531 2022 solet,
560 1940 606 2004 ita
633 1945 669 2004 ut
699 1940 803 2004 minus
827 1940 1013 2025 praemittat
1036 1939 1160 2021 maiori,
1184 1938 1240 2003 ofr.

225 2053 278 2119 IV.
299 2054 418 2120 ll.10.
442 2054 491 2121 ἑνί
512 2080 545 2119 τε
567 2058 622 2120 καί
644 2056 732 2121 δέκα.
756 2053 810 2119 III.
829 2057 880 2120 13.
898 2056 929 2120 9.
954 2059 1013 2138 μία
1036 2079 1069 2119 τε
1091 2057 1146 2119 καί
1162 2055 1241 2120 δέκα

225 2169 277 2235 IV.
296 2171 349 2236 23.
365 2173 396 2236 4.
420 2172 473 2256 τῆς
497 2167 611 2256 ὀγδόης
633 2195 666 2236 τε
688 2172 743 2235 καί
765 2172 916 2254 εἰκοστῆς,
941 2170 1061 2235 duobus
1084 2169 1162 2234 lotis
1187 2189 1242 2235 ex·

226 2286 336 2371 ceptis,
371 2284 426 2351 lx.
450 2288 547 2352 30.8
583 2291 615 2351 ot
649 2284 673 2350 I.
692 2288 744 2351 18.
761 2287 792 2351 9.
827 2285 1047 2372 ἑβδομήκοντα
1081 2291 1175 2352 πέντε
1198 2321 1242 2332 -

226 2402 341 2468 ἑκατὸν
367 2407 482 2480 εἴκοσι,
516 2422 594 2486 quos
625 2402 713 2469 loeos
742 2400 952 2467 Sohubartum
984 2409 1069 2468 reete
1102 2407 1242 2467 mutasse

225 2525 303 2604 puto
326 2519 357 2583 in
381 2524 475 2586 πέντε
498 2518 718 2605 ἑβδομήκοντα
743 2554 785 2563 -
809 2517 924 2584 ἑκατόν
946 2521 1017 2584 slot.

294 2633 329 2699 Si
363 2641 468 2700 autem
505 2634 567 2700 duo
602 2635 731 2700 nomina
759 2654 776 2700 e
806 2635 1040 2719 praepositione
1072 2633 1242 2718 pendentia

227 2769 283 2833 per
305 2753 390 2815 ιί-
408 2757 462 2816 καί
488 2749 663 2835 copulanda
693 2754 782 2833 sunt,
811 2747 986 2814 Pausanias
1015 2753 1164 2833 quattuor
1193 2768 1241 2813 so-

226 2866 333 2949 quitur
355 2867 512 2932 rationes:
541 2867 735 2952 praepositio
762 2871 817 2931 aut
844 2864 942 2931 semol
970 2865 1112 2950 ponitur,
1142 2865 1242 2950 parti·

226 2981 296 3046 oula
318 2987 352 3046 τέ
375 2982 423 3046 vel
447 2981 547 3067 priori
575 2981 696 3046 nomini
726 2986 758 3047 et
788 2980 1015 3066 praepositioni
1042 2981 1241 3065 interposita,

226 3103 262 3163 ut
284 3096 321 3163 lI.
349 3098 398 3162 10.
420 3099 451 3164 5.
487 3099 521 3164 ἔκ
555 3124 589 3164 τε
622 3101 741 3182 χρυσοῦ
775 3101 829 3164 καὶ
862 3101 1040 3183 ἐλέφαντος
1074 3098 1129 3163 ofr.
1159 3096 1241 3162 VIII.

225 3214 279 3279 46.
295 3215 327 3278 4.
352 3213 407 3279 IX.
426 3216 454 3278 1.
474 3217 504 3279 1.
528 3220 600 3297 ete,
635 3213 684 3279 vel
714 3215 814 3299 priori
843 3214 964 3282 nomini
995 3213 1173 3298 postposita
1207 3219 1243 3276 ut

226 3328 307 3394 VIII.
330 3330 453 3396 25.13.
482 3332 518 3398 ἐν
550 3330 659 3415 Ἴστρῳ
694 3355 727 3395 τε
760 3333 815 3394 καὶ
850 3326 1013 3417 Ἠριδανῷ
1044 3327 1123 3394 VIII.
1144 3329 1242 3393 455

226 3449 298 3529 περὶ
320 3443 446 3513 Ἰωνίαν
472 3471 505 3510 τε
534 3449 588 3510 καὶ
617 3450 745 3528 Καρίαν
775 3445 831 3510 efr.
862 3443 917 3509 IX.
935 3446 988 3510 29.
1006 3445 1039 3509 4.
1069 3478 1109 3489 -
1139 3446 1192 3509 33.
1210 3445 1240 3507 6.

226 3597 268 3607 -
293 3563 346 3627 39.
364 3563 395 3626 l.
420 3601 462 3610 -
485 3559 526 3626 X.
546 3562 598 3626 17.
615 3563 645 3627 2.
671 3566 743 3644 ete,
767 3566 823 3626 aut
838 3560 1032 3645 praepositio
1049 3559 1098 3625 bis
1114 3559 1242 3644 ponitur

226 3677 275 3743 vel
299 3677 409 3743 eadem
432 3676 482 3744 vel
506 3677 606 3763 priori
629 3677 743 3742 similis
774 3681 807 3742 et
833 3675 989 3761 particula
1017 3681 1050 3740 τέ
1070 3678 1128 3771 aut
1151 3693 1241 3758 prae·

225 3794 375 3878 positioni
409 3795 611 3879 postponitur
636 3785 681 3859 ¹ut
712 3792 869 3858 11.13.1.
901 3793 935 3858 ἔκ
962 3817 995 3856 τε
1023 3787 1161 3874 ’Λργονς
1187 3794 1242 3853 καὶ

225 3911 260 3975 ἐκ
275 3915 469 3988 Σικυωνίας,
495 3909 589 3976 Ι.13.
610 3913 638 3974 1.
663 3911 696 3985 ἔς
718 3934 751 3974 τε
775 3905 893 3975 Ἀσίαν
915 3909 970 3973 καὶ
992 3903 1074 3989 πρὸς
1096 3902 1241 3985 ssuttra-
