3080 4652
756 362 774 424 7

261 559 297 605 eo
321 539 421 621 magis
436 539 680 624 comprobanda
695 546 753 623 est,
777 539 860 622 quod
884 538 1008 614 codices
1024 559 1133 604 omnes
1149 545 1275 623 praeter

260 655 413 738 levigatos
436 655 520 720 viam
544 654 637 740 plane
660 661 848 720 monstrant.

327 769 362 836 ln
389 771 517 852 vulgata
540 775 603 836 est:
631 772 784 837 ἐδίδοσαν
813 774 901 838 οίιιον
930 766 1016 858 αὐτῷ
1045 770 1101 838 τόν
1131 769 1276 855 Νάβιδος

261 886 294 962 ἐς
316 889 416 954 πλέον
438 887 458 972 ἢ
480 885 624 953 τάλαντα
649 885 776 953 ἑκατόν·
802 885 876 952 ὅδὲ
895 882 1134 972 ὑπερεφρόνησέ
1157 912 1190 952 τε
1212 890 1276 953 τῶν

260 1000 431 1086 χρημάτων
464 1005 519 1067 καί
551 1003 675 1069 ἐκέλευε
696 1051 704 1068 .
726 1051 764 1068 ..
802 1000 933 1067 Codices
963 1001 1010 1066 La
1042 1001 1088 1066 Va
1117 1001 1165 1068 Lb
1192 1001 1276 1068 MR

261 1117 414 1200 praebent
442 1116 616 1205 ὑπέρφρον
645 1119 677 1195 ἔς
704 1144 755 1196 το,
789 1119 840 1200 Ag
875 1115 1079 1205 ὑπέρφρονάς
1107 1144 1158 1195 το,
1192 1117 1276 1184 unde

261 1240 395 1318 apparat
417 1239 502 1299 certe
531 1235 564 1310 ἔς
586 1259 619 1299 τε
648 1240 859 1302 correcturum
887 1233 1105 1318 praecedentis
1134 1235 1220 1298 vocis
1243 1235 1276 1310 ές

262 1353 361 1416 πλέον
384 1350 520 1432 margini
543 1349 735 1436 adscriptam
766 1349 834 1416 loco
863 1349 992 1415 sinistro
1020 1369 1088 1416 esse
1111 1349 1276 1434 insertam,

260 1464 392 1530 Perenni
416 1472 521 1532 antem
545 1467 756 1532 coniecturam
780 1467 813 1543 ἔς
836 1492 869 1531 τε
891 1469 991 1533 πλέον
1014 1465 1175 1532 codicibus
1197 1465 1276 1551 ipsis

261 1580 455 1662 confirmari3
484 1581 659 1668 incorporae
687 1588 791 1648 autem
822 1581 872 1647 vel
899 1580 1064 1668 ὑπέρφρον
1092 1589 1276 1666 corruptum

263 1702 340 1782 puto
363 1717 403 1762 ex
427 1697 651 1784 ὑπερφρονῶν.

332 1813 450 1890 Quare
473 1812 559 1879 locus
583 1812 661 1878 mihi
684 1813 730 1878 ita
745 1812 869 1879 videtur
884 1811 1097 1895 refingendns:
1126 1814 1278 1881 ἐδίδοσαν

264 1933 352 1996 οἶκον
367 1925 454 2018 αῧτῷ
470 1927 526 1995 τὸν
542 1929 687 2014 Νάβιδος
706 1931 726 1994 ἔ
728 1955 743 2006 ς
766 1955 805 1995 το
820 1932 942 1996 πλέον
957 1931 977 2015 ἢ
991 1927 1137 1996 τάλαντα
1153 1929 1276 2024 ἑκατόν·

264 2043 281 2108 ὃ
308 2045 344 2110 δέ
375 2041 633 2132 ὑπερφρονῶν
666 2046 731 2111 τοῖν
764 2043 935 2131 χρημάτων
964 2048 1018 2110 καὶ
1051 2046 1175 2112 ἐκέλευε
1201 2093 1278 2122 ...,

263 2180 343 2243 qnae
366 2161 463 2226 verba
484 2159 781 2245 interpretabimur:
809 2159 936 2224 domum
961 2160 1092 2225 Nabidis
1121 2161 1152 2226 ei
1179 2160 1278 2225 dona·

263 2282 377 2341 verunt
400 2280 432 2341 et
455 2277 525 2360 plns
548 2282 675 2342 centum
698 2274 832 2358 talenta3
860 2274 914 2340 ille
942 2280 1050 2341 autem
1079 2295 1155 2361 opes
1183 2296 1278 2362 repu-

265 2391 365 2457 diavit
387 2399 480 2476 atque
504 2394 599 2458 etiam
624 2392 767 2456 iussit..
805 2391 871 2469 Quo
896 2411 967 2456 eum
992 2411 1086 2457 sensu
1109 2392 1278 2474 consentit,

264 2507 347 2590 quod
369 2507 504 2590 legimus
520 2509 559 2573 do
575 2508 633 2573 bac
656 2528 692 2574 re
713 2507 796 2592 apud
812 2505 1016 2573 Plutarchum
1033 2507 1066 2572 in
1083 2506 1205 2592 Philop.
1227 2509 1277 2573 15.

263 2624 319 2708 τὴν
347 2623 492 2708 Νάβιδος
526 2628 631 2691 οίιιίαν
666 2627 720 2689 καί
754 2619 868 2690 οὐσίαν
899 2625 1190 2708 ἐξαργυρισθεῖσαν
1224 2627 1279 2688 καὶ

265 2746 439 2826 γενομένην
462 2746 560 2806 εἴκοσι
582 2743 636 2805 καί
658 2737 773 2806 ἑκατὸν
796 2738 964 2806 ταλάντων
986 2741 1190 2824 ἐψηφίσαντο
1214 2740 1279 2805 διο-

264 2853 344 2939 ριάν
366 2851 453 2944 αὐτῷ
478 2856 605 2922 δοῦναι.
654 2854 773 2920 Iniuria
802 2863 909 2920 autem
937 2853 1120 2920 Siebelieius
1150 2852 1280 2921 offendit

266 2971 297 3034 in
322 2970 473 3037 vocabulo
497 2975 599 3049 οἰκος,
629 2971 712 3056 quod
742 2990 836 3056 saepe
863 2969 948 3054 apud
976 2967 1166 3035 Pausaniam
1196 2971 1278 3036 idem

266 3086 351 3152 valet
372 3087 454 3170 quod
478 3091 563 3154 olata
593 3093 629 3153 ut
656 3087 679 3152 1.
700 3093 729 3153 1.
747 3088 777 3152 2.
803 3123 846 3132 -
869 3085 908 3150 ll.
928 3087 979 3152 13.
998 3086 1027 3148 7.
1047 3085 1158 3150 -lV.
1176 3088 1228 3154 36.
1247 3089 1277 3152 2.

266 3200 466 3268 vl11.24.2.
492 3209 524 3270 et
547 3202 740 3270 Sububartua
763 3200 904 3268 Walzius
931 3201 964 3266 in
994 3202 1027 3276 ἐς
1055 3203 1172 3279 πλέον,
1196 3200 1280 3286 quod

266 3319 361 3382 etiam
385 3317 438 3383 IX.
456 3321 509 3386 30.
530 3321 570 3384 12
594 3318 648 3384 nbi
671 3325 721 3384 est
743 3320 832 3404 τιμῆς
855 3317 891 3383 δὲ
914 3318 949 3383 ἐκ
972 3319 1029 3382 τοῦ
1050 3322 1146 3382 θείου
1169 3323 1224 3382 καί
1246 3319 1279 3393 ἒς

269 3437 368 3501 πλέον
394 3437 523 3502 ἐκείνων
546 3435 653 3518 ἔχουσι
677 3433 814 3519 positum
845 3438 893 3499 est
922 3452 979 3518 pro
1004 3431 1141 3517 simplici
1168 3435 1279 3510 πλέον,

265 3558 302 3615 nt
324 3549 394 3616 aliis
417 3550 505 3616 locis.

332 3665 401 3731 Hoc
434 3666 502 3732 loco
537 3664 732 3732 occasionem
767 3662 846 3728 mihi
874 3660 1187 3749 praetermittendam
1216 3639 1287 3727 non*

268 3800 337 3846 esse
359 3800 471 3847 censeo
493 3781 578 3847 illius
602 3781 802 3846 librariorum
827 3779 958 3844 rationis
983 3777 1103 3860 aliquot
1125 3777 1280 3862 exemplis

267 3895 473 3982 explicandae
496 3901 529 3963 et
550 3869 771 3978 illustrandae,
799 3914 862 3980 qua
888 3914 928 3961 ex
957 3891 1063 3959 verbis
1086 3891 1207 3958 mutilis
1231 3892 1281 3960 vel
