3080 4652
698 324 741 388 33

280 500 303 565 l.
328 502 380 565 27.
402 502 432 566 9.
468 499 639 585 θαλάσσης
672 498 781 583 ἄρχων
815 504 930 573 Μίνως
964 501 1016 582 της
1048 495 1231 582 Ἑλληνικῆς

214 615 345 693 οὐδενὸς
368 619 558 683 Ποσειδῶνα
593 613 667 699 ἦγεν
690 614 792 681 ἄλλου
815 616 898 680 θεοῦ
930 615 1057 697 μᾶλλον
1084 615 1120 679 ἐν
1148 615 1230 704 τιμῇ.

215 733 239 797 Ι.
257 733 309 798 29.
330 735 380 798 13.
409 732 440 798 οἱ
467 736 543 816 πρὶν
572 733 606 806 ἒς
632 733 782 798 Σικελίαν
808 726 989 815 ἀφικέσθαι
1016 734 1231 814 Δημοσθένην

214 854 440 933 Συρακουσίων
473 846 694 934 κρατήσαντες.
741 844 793 910 VI.
817 847 870 911 20.
895 847 946 910 15.
971 848 1026 911 τοῦ
1052 847 1088 910 δε
1110 842 1232 930 ἡνίοχοι

215 971 308 1032 ἕνεκα
325 1000 367 1011 -
383 963 513 1031 θύουσι.
559 963 640 1029 Vlli.
658 965 713 1028 31.
731 966 761 1028 9.
792 967 845 1048 τῆς
873 965 968 1038 στοάς
996 964 1031 1028 δὲ
1059 964 1097 1047 ἣν
1114 998 1153 1008 -
1172 988 1231 1027 κα-

215 1085 317 1159 λοῦσι,
341 1080 455 1166 ταύτης
477 1084 537 1146 είσὶ
561 1079 620 1147 δύο
644 1079 783 1146 ὄπισθεν
806 1077 912 1165 λόφοι.
959 1077 1012 1143 ΙΧ.
1031 1081 1061 1144 2.
1080 1080 1109 1143 7.
1128 1079 1232 1163 ὄρθου

216 1204 349 1283 μεγέθει
373 1198 506 1282 ἄγαλμα
529 1204 624 1282 μέγα.
670 1196 722 1261 ΙΧ.
742 1198 795 1262 31.
812 1199 844 1261 9.
868 1199 897 1261 εί
920 1209 984 1271 τοίς
1007 1195 1140 1281 Πάμφω
1164 1221 1232 1260 τεκ-

215 1320 394 1398 μαίρεσθαι
416 1312 475 1400 χρη
498 1340 526 1377 τι
553 1311 637 1398 ἡμᾶς
661 1313 760 1378 ἔπεσι.
790 1310 832 1376 Χ.
849 1313 903 1377 23.
923 1316 951 1376 1.
976 1311 1128 1395 ἢπορεία
1150 1312 1233 1376 κατά

216 1430 332 1516 ταύτην
370 1429 510 1516 μάλιστα
549 1427 669 1509 ἐγίνετό
710 1449 800 1515 σφισι
843 1431 981 1512 βραδεῖα
1019 1427 1075 1507 τὴν
1113 1431 1232 1494 αἰτίαν.

218 1545 304 1622 Quae
327 1565 398 1610 eum
422 1546 468 1610 ita
492 1545 571 1627 sint,
599 1545 632 1609 in
660 1544 727 1609 loeo
757 1544 797 1609 de
823 1564 886 1628 quo
918 1545 1040 1624 agimus
1067 1544 1100 1609 in
1130 1544 1233 1608 verbis

219 1663 254 1727 ἒν
278 1663 369 1744 δεξιᾷ
395 1663 564 1745 περίβολος
587 1663 641 1746 τῆς
663 1657 742 1725 ὁδοῦ
763 1685 796 1724 τε
820 1658 976 1724 offendere
1000 1659 1127 1741 dubito,
1162 1679 1232 1723 num

220 1778 316 1842 verba
331 1780 368 1844 ἐν
384 1779 474 1860 δεξιᾷ
489 1781 541 1862 τῆς
558 1774 636 1842 ὁδοῦ
659 1777 748 1860 quasi
765 1795 860 1840 unam
878 1775 1044 1842 efficientia
1060 1776 1234 1864 notionem,

220 1895 293 1976 quia
317 1877 493 1978 praemissa
527 1900 617 1975 sunt,
651 1892 839 1977 particulam
869 1898 903 1957 τέ
931 1893 971 1956 ad
1000 1913 1033 1957 se
1064 1892 1233 1957 attraxisse

218 2009 395 2091 videantur,
419 2009 463 2073 ita
488 2016 522 2073 ut
546 2011 714 2093 περίβολος
738 2009 840 2074 losum
865 2029 956 2074 suum
982 2014 1053 2094 post
1079 2012 1132 2094 τῆς
1156 2005 1233 2074 ὁδοῦ

218 2151 251 2190 τε
275 2125 397 2208 habeat,
424 2125 480 2190 sed
503 2124 680 2190 Pausaniae
708 2123 906 2190 affectatione
937 2125 1020 2189 inter
1048 2123 1111 2189 alia
1138 2124 1234 2189 verba

219 2242 439 2327 interpositum
465 2241 515 2306 sit.

287 2356 392 2422 Etiam
432 2356 512 2421 alius
551 2356 638 2420 inens
677 2362 807 2440 propter
846 2353 1020 2440 particulae
1060 2361 1094 2420 τέ
1131 2361 1236 2419 trans·

220 2473 413 2553 pressionem
439 2492 509 2538 mea
533 2473 688 2538 sententia
712 2473 829 2536 iniuria
843 2491 902 2556 pro
918 2480 1066 2557 corrupto
1086 2471 1235 2550 habetur3

220 2586 272 2652 ΙΙΙ.
290 2589 319 2652 3.
340 2590 368 2651 1.
386 2588 468 2652 euim
485 2586 615 2668 legitur:
641 2584 848 2671 Ἀρχιδάμου
864 2589 914 2662 δέ,
939 2585 982 2662 οἷς
997 2586 1153 2664 ἐτελεύτα,
1176 2613 1235 2651 κα-

220 2701 408 2777 ταλιπόντος
431 2704 553 2778 παῖδας
578 2701 668 2782 Ἀγίς
691 2727 723 2766 τε
746 2700 957 2787 πρεσβύτερος
985 2700 1025 2788 ἦν
1054 2701 1160 2789 ἡλικίᾳ
1182 2707 1236 2767 καὶ

220 2821 406 2902 παρέλαβεν
446 2814 518 2883 ἀντὶ
557 2815 753 2904 Ἀγησιλάου
792 2818 848 2904 την
882 2815 999 2903 ἀρχήν·
1041 2820 1165 2898 ἐγένετο
1200 2821 1236 2884 δὲ

222 2929 409 3020 Ἀρχιδάμῳ
432 2937 487 2997 καὶ
510 2933 705 3019 θυγάτηρ..
735 2933 822 3010 Quae
850 2934 945 2998 dictio
975 2954 1068 3018 quam
1092 2934 1237 3020 impolita

221 3051 263 3114 sit
291 3059 323 3115 et
357 3050 529 3134 incompta,
564 3050 721 3114 neminem
758 3048 901 3132 effugiet,
936 3071 1125 3134 quamquam
1160 3050 1237 3116 haee

224 3166 362 3232 brevitas
378 3166 502 3232 dicendi
518 3168 660 3250 astricta,
684 3187 763 3251 quae
780 3168 864 3252 apud
878 3165 1068 3232 Pausaniam
1085 3188 1237 3252 persaepe

222 3283 409 3366 reperiatur,
425 3282 503 3348 mihi
520 3285 644 3368 quidem
663 3284 864 3348 verisimilior
880 3283 1014 3365 videtur,
1040 3303 1133 3366 quam
1155 3284 1237 3367 quod

223 3397 416 3465 Sehubartus
440 3399 546 3464 offert:
576 3398 772 3484 Ἀρχιδάμου
795 3401 843 3477 δέ,
874 3398 916 3474 ὡς
946 3398 1109 3476 ἐτελεύτα,
1137 3426 1237 3465 κατα-

222 3514 371 3592 λιπόντος
393 3517 515 3591 παῖδας
539 3513 631 3595 Ἀγίν
653 3542 686 3581 τε
708 3519 762 3581 καὶ
784 3513 996 3602 Ἀγησίλαον,
1026 3514 1116 3596 Ἀγις
1139 3537 1237 3600 πρεσ-

221 3630 352 3716 βύτερος
375 3633 421 3698 ὢν
444 3631 549 3718 ἡλικίᾳ
572 3635 755 3716 παρέλαβεν
779 3629 851 3697 ἀντὶ
871 3629 1098 3718 Ἀγησιλάου.
1116 3663 1141 3712 .‚·
1166 3632 1238 3698 vida

224 3748 318 3830 enim,
352 3768 445 3830 quam
479 3747 562 3812 male
596 3747 729 3830 quadret
762 3749 924 3812 nominum
959 3748 1104 3831 iteratio,
1144 3768 1237 3831 quam

222 3864 329 3929 neseio
364 3884 404 3928 an
438 3862 612 3930 Pausanias
648 3862 783 3929 voluerit
824 3866 952 3929 evitare.
1000 3863 1130 3929 Minime
1164 3885 1238 3930 vern

1061 3969 1078 4022 3
