<?xml version="1.0" encoding="UTF-8"?>
<!DOCTYPE html PUBLIC "-//W3C//DTD XHTML 1.0 Transitional//EN"
    "http://www.w3.org/TR/xhtml1/DTD/xhtml1-transitional.dtd">
<html xmlns="http://www.w3.org/1999/xhtml" xml:lang="en" lang="en">
 <head>
  <title>
</title>
<meta http-equiv="Content-Type" content="text/html;charset=utf-8" />
  <meta name='ocr-system' content='tesseract 3.04.00' />
  <meta name='ocr-capabilities' content='ocr_page ocr_carea ocr_par ocr_line ocrx_word'/>
</head>
<body>
  <div class='ocr_page' id='page_1' title='image "./quaestionesgram00seemgoog_0051.png"; bbox 0 0 3080 4652; ppageno 0'>
   <div class='ocr_carea' id='block_1_1' title="bbox 665 309 708 374">
    <p class='ocr_par' dir='ltr' id='par_1_1' title="bbox 665 309 708 374">
     <span class='ocr_line' id='line_1_1' title="bbox 665 309 708 374; baseline 0 0"><span class='ocrx_word' id='word_1_1' title='bbox 665 309 708 374; x_wconf 78' lang='lat'><strong>47</strong></span> 
     </span>
    </p>
   </div>
   <div class='ocr_carea' id='block_1_2' title="bbox 180 485 1196 920">
    <p class='ocr_par' dir='ltr' id='par_1_2' title="bbox 180 485 1196 920">
     <span class='ocr_line' id='line_1_2' title="bbox 181 485 1196 573; baseline -0.002 -21"><span class='ocrx_word' id='word_1_2' title='bbox 181 487 326 552; x_wconf 84' lang='lat' dir='ltr'><strong>excidero</strong></span> <span class='ocrx_word' id='word_1_3' title='bbox 350 493 538 573; x_wconf 83' lang='lat' dir='ltr'><strong>potuerunt3</strong></span> <span class='ocrx_word' id='word_1_4' title='bbox 563 486 680 550; x_wconf 88' lang='lat' dir='ltr'><strong>omissa</strong></span> <span class='ocrx_word' id='word_1_5' title='bbox 703 493 808 552; x_wconf 89' lang='lat' dir='ltr'><strong>autem</strong></span> <span class='ocrx_word' id='word_1_6' title='bbox 825 485 963 566; x_wconf 85' lang='lat' dir='ltr'><strong>margini</strong></span> <span class='ocrx_word' id='word_1_7' title='bbox 979 486 1141 570; x_wconf 88' lang='lat' dir='ltr'><strong>adscripta</strong></span> <span class='ocrx_word' id='word_1_8' title='bbox 1164 491 1196 552; x_wconf 85' lang='lat' dir='ltr'><strong>et</strong></span> 
     </span>
     <span class='ocr_line' id='line_1_3' title="bbox 181 601 1195 683; baseline 0.001 -15"><span class='ocrx_word' id='word_1_9' title='bbox 181 604 283 669; x_wconf 90' lang='lat' dir='ltr'><strong>alieno</strong></span> <span class='ocrx_word' id='word_1_10' title='bbox 307 604 375 670; x_wconf 90' lang='lat' dir='ltr'><strong>loco</strong></span> <span class='ocrx_word' id='word_1_11' title='bbox 398 604 518 670; x_wconf 88' lang='lat' dir='ltr'><strong>inserta</strong></span> <span class='ocrx_word' id='word_1_12' title='bbox 541 609 624 667; x_wconf 91' lang='lat' dir='ltr'><strong>sont.</strong></span> <span class='ocrx_word' id='word_1_13' title='bbox 672 601 739 679; x_wconf 87' lang='lat' dir='ltr'><strong>Quo</strong></span> <span class='ocrx_word' id='word_1_14' title='bbox 764 622 870 668; x_wconf 90' lang='lat' dir='ltr'><strong>errore</strong></span> <span class='ocrx_word' id='word_1_15' title='bbox 893 602 940 668; x_wconf 88' lang='lat' dir='ltr'><strong>sic</strong></span> <span class='ocrx_word' id='word_1_16' title='bbox 954 606 1108 668; x_wconf 88' lang='lat' dir='ltr'><strong>correcto:</strong></span> <span class='ocrx_word' id='word_1_17' title='bbox 1132 605 1195 683; x_wconf 82' lang='grc' dir='ltr'><em>ἔχει</em></span> 
     </span>
     <span class='ocr_line' id='line_1_4' title="bbox 181 715 1194 805; baseline -0.003 -21"><span class='ocrx_word' id='word_1_18' title='bbox 181 721 294 786; x_wconf 75' lang='grc' dir='ltr'><em>δὲκαὶ</em></span> <span class='ocrx_word' id='word_1_19' title='bbox 317 719 422 795; x_wconf 79' lang='grc' dir='ltr'><em>ἄλλως</em></span> <span class='ocrx_word' id='word_1_20' title='bbox 449 721 481 794; x_wconf 76' lang='grc' dir='ltr'><strong>ἐς</strong></span> <span class='ocrx_word' id='word_1_21' title='bbox 510 715 709 802; x_wconf 71' lang='grc' dir='ltr'><strong><em>ἀνθρώπους</em></strong></span> <span class='ocrx_word' id='word_1_22' title='bbox 738 716 848 805; x_wconf 79' lang='grc' dir='ltr'><em>φήμην</em></span> <span class='ocrx_word' id='word_1_23' title='bbox 876 716 1013 804; x_wconf 75' lang='grc' dir='ltr'><em>Δάφνης</em></span> <span class='ocrx_word' id='word_1_24' title='bbox 1041 744 1073 784; x_wconf 86' lang='grc' dir='ltr'><strong>τε</strong></span> <span class='ocrx_word' id='word_1_25' title='bbox 1102 724 1194 783; x_wconf 74' lang='grc' dir='ltr'><em>ἕνεκα</em></span> 
     </span>
     <span class='ocr_line' id='line_1_5' title="bbox 180 831 1194 920; baseline -0.002 -20"><span class='ocrx_word' id='word_1_26' title='bbox 180 840 234 900; x_wconf 82' lang='grc' dir='ltr'><em>καὶ</em></span> <span class='ocrx_word' id='word_1_27' title='bbox 257 834 431 915; x_wconf 79' lang='grc' dir='ltr'><em>τοῦλόγου</em></span> <span class='ocrx_word' id='word_1_28' title='bbox 455 837 565 911; x_wconf 67' lang='lat' dir='ltr'><strong>coiis</strong></span> <span class='ocrx_word' id='word_1_29' title='bbox 588 833 741 920; x_wconf 83' lang='grc' dir='ltr'><em>Δόφνην·</em></span> <span class='ocrx_word' id='word_1_30' title='bbox 771 833 810 900; x_wconf 77' lang='grc' dir='ltr'><strong>τοὶ</strong></span> <span class='ocrx_word' id='word_1_31' title='bbox 839 835 875 900; x_wconf 79' lang='grc' dir='ltr'><strong>δὲ</strong></span> <span class='ocrx_word' id='word_1_32' title='bbox 904 831 1050 918; x_wconf 76' lang='grc' dir='ltr'><em>ᾀδόμενα</em></span> <span class='ocrx_word' id='word_1_33' title='bbox 1077 836 1111 910; x_wconf 72' lang='grc' dir='ltr'><strong>ἐς</strong></span> <span class='ocrx_word' id='word_1_34' title='bbox 1139 833 1194 918; x_wconf 74' lang='grc' dir='ltr'><strong>τὴν</strong></span> 
     </span>
    </p>
   </div>
   <div class='ocr_carea' id='block_1_3' title="bbox 180 947 1196 1152">
    <p class='ocr_par' dir='ltr' id='par_1_3' title="bbox 180 947 1196 1152">
     <span class='ocr_line' id='line_1_6' title="bbox 180 947 1194 1037; baseline -0.003 -21"><span class='ocrx_word' id='word_1_35' title='bbox 180 950 318 1037; x_wconf 74' lang='grc' dir='ltr'><em>Δάφνην</em></span> <span class='ocrx_word' id='word_1_36' title='bbox 341 951 381 1016; x_wconf 80' lang='grc' dir='ltr'><strong>τὰ</strong></span> <span class='ocrx_word' id='word_1_37' title='bbox 402 952 462 1036; x_wconf 80' lang='grc' dir='ltr'><em>μὲν</em></span> <span class='ocrx_word' id='word_1_38' title='bbox 476 957 595 1034; x_wconf 73' lang='grc' dir='ltr'><em>Συρίας</em></span> <span class='ocrx_word' id='word_1_39' title='bbox 610 963 675 1026; x_wconf 79' lang='grc' dir='ltr'><em>τοῖς</em></span> <span class='ocrx_word' id='word_1_40' title='bbox 691 952 830 1017; x_wconf 72' lang='grc' dir='ltr'><em>οἰκοῦσιν</em></span> <span class='ocrx_word' id='word_1_41' title='bbox 846 947 1041 1037; x_wconf 78' lang='grc' dir='ltr'><em>ἕπὶὈρόνιη</em></span> <span class='ocrx_word' id='word_1_42' title='bbox 1060 952 1194 1036; x_wconf 76' lang='grc' dir='ltr'><em>ποταμῷ</em></span> 
     </span>
     <span class='ocr_line' id='line_1_7' title="bbox 180 1066 1196 1152; baseline 0 -20"><span class='ocrx_word' id='word_1_43' title='bbox 180 1072 328 1152; x_wconf 79' lang='grc' dir='ltr'><em>παρίημι,</em></span> <span class='ocrx_word' id='word_1_44' title='bbox 352 1071 478 1148; x_wconf 79' lang='grc' dir='ltr'><em>λέγεται</em></span> <span class='ocrx_word' id='word_1_45' title='bbox 502 1068 538 1132; x_wconf 80' lang='grc' dir='ltr'><strong>δὲ</strong></span> <span class='ocrx_word' id='word_1_46' title='bbox 561 1071 615 1132; x_wconf 87' lang='grc' dir='ltr'><em>καὶ</em></span> <span class='ocrx_word' id='word_1_47' title='bbox 638 1066 723 1134; x_wconf 78' lang='grc' dir='ltr'><em>ἄλλα</em></span> <span class='ocrx_word' id='word_1_48' title='bbox 741 1114 748 1131; x_wconf 92' lang='grc'><strong>.</strong></span> <span class='ocrx_word' id='word_1_49' title='bbox 767 1115 794 1143; x_wconf 84' lang='grc'><strong>.,</strong></span> <span class='ocrx_word' id='word_1_50' title='bbox 818 1067 943 1132; x_wconf 84' lang='lat' dir='ltr'><strong>dativus</strong></span> <span class='ocrx_word' id='word_1_51' title='bbox 967 1078 1031 1142; x_wconf 76' lang='grc' dir='ltr'><em>τοῖς</em></span> <span class='ocrx_word' id='word_1_52' title='bbox 1055 1068 1196 1132; x_wconf 68' lang='grc' dir='ltr'><em>οἰκοῦσιν</em></span> 
     </span>
    </p>
   </div>
   <div class='ocr_carea' id='block_1_4' title="bbox 176 1180 1255 3938">
    <p class='ocr_par' dir='ltr' id='par_1_4' title="bbox 179 1180 1194 1943">
     <span class='ocr_line' id='line_1_8' title="bbox 180 1180 1194 1267; baseline 0.002 -21"><span class='ocrx_word' id='word_1_53' title='bbox 180 1189 254 1266; x_wconf 84' lang='lat' dir='ltr'>apte</span> <span class='ocrx_word' id='word_1_54' title='bbox 278 1203 349 1248; x_wconf 90' lang='lat' dir='ltr'><strong>cum</strong></span> <span class='ocrx_word' id='word_1_55' title='bbox 373 1180 519 1267; x_wconf 78' lang='grc' dir='ltr'><em>ᾀδόμενα</em></span> <span class='ocrx_word' id='word_1_56' title='bbox 544 1182 690 1264; x_wconf 85' lang='lat' dir='ltr'><strong>coniungi</strong></span> <span class='ocrx_word' id='word_1_57' title='bbox 715 1189 818 1266; x_wconf 89' lang='lat' dir='ltr'><strong>potest</strong></span> <span class='ocrx_word' id='word_1_58' title='bbox 847 1189 878 1248; x_wconf 90' lang='lat' dir='ltr'><strong>ot</strong></span> <span class='ocrx_word' id='word_1_59' title='bbox 906 1182 992 1248; x_wconf 84' lang='lat' dir='ltr'><strong>facili</strong></span> <span class='ocrx_word' id='word_1_60' title='bbox 1021 1181 1194 1248; x_wconf 80' lang='lat' dir='ltr'>mutatione</span> 
     </span>
     <span class='ocr_line' id='line_1_9' title="bbox 179 1294 1190 1383; baseline 0 -21"><span class='ocrx_word' id='word_1_61' title='bbox 179 1297 311 1380; x_wconf 85' lang='lat' dir='ltr'><strong>figuram</strong></span> <span class='ocrx_word' id='word_1_62' title='bbox 337 1299 492 1383; x_wconf 83' lang='lat' dir='ltr'><strong>prolepsis</strong></span> <span class='ocrx_word' id='word_1_63' title='bbox 520 1298 560 1363; x_wconf 80' lang='grc' dir='ltr'><strong>τοὶ</strong></span> <span class='ocrx_word' id='word_1_64' title='bbox 583 1299 618 1364; x_wconf 78' lang='grc' dir='ltr'><strong>δὲ</strong></span> <span class='ocrx_word' id='word_1_65' title='bbox 642 1294 787 1382; x_wconf 77' lang='grc' dir='ltr'><em>ᾀδόμενα</em></span> <span class='ocrx_word' id='word_1_66' title='bbox 810 1339 855 1350; x_wconf 89' lang='grc'><strong>--</strong></span> <span class='ocrx_word' id='word_1_67' title='bbox 878 1300 918 1363; x_wconf 76' lang='grc' dir='ltr'><strong>τὰ</strong></span> <span class='ocrx_word' id='word_1_68' title='bbox 941 1300 1001 1382; x_wconf 78' lang='grc' dir='ltr'><em>μὲν</em></span> <span class='ocrx_word' id='word_1_69' title='bbox 1025 1336 1066 1346; x_wconf 92' lang='grc'>-</span> <span class='ocrx_word' id='word_1_70' title='bbox 1092 1299 1129 1363; x_wconf 75' lang='grc' dir='ltr'><strong>δέ</strong></span> <span class='ocrx_word' id='word_1_71' title='bbox 1152 1337 1190 1348; x_wconf 87' lang='grc'><strong>-</strong></span> 
     </span>
     <span class='ocr_line' id='line_1_10' title="bbox 180 1413 1194 1499; baseline 0 -21"><span class='ocrx_word' id='word_1_72' title='bbox 180 1435 198 1478; x_wconf 89' lang='lat' dir='ltr'><strong>a</strong></span> <span class='ocrx_word' id='word_1_73' title='bbox 222 1413 379 1480; x_wconf 81' lang='lat' dir='ltr'><strong>Pausania</strong></span> <span class='ocrx_word' id='word_1_74' title='bbox 402 1415 559 1480; x_wconf 90' lang='lat' dir='ltr'><strong>uberrime</strong></span> <span class='ocrx_word' id='word_1_75' title='bbox 583 1419 768 1499; x_wconf 82' lang='lat' dir='ltr'><strong>usurpatam</strong></span> <span class='ocrx_word' id='word_1_76' title='bbox 792 1414 1005 1494; x_wconf 87' lang='lat' dir='ltr'><strong>r·estituimus;</strong></span> <span class='ocrx_word' id='word_1_77' title='bbox 1030 1414 1086 1478; x_wconf 85' lang='lat' dir='ltr'><strong>cfr.</strong></span> <span class='ocrx_word' id='word_1_78' title='bbox 1110 1413 1194 1478; x_wconf 86' lang='lat' dir='ltr'><strong>locos</strong></span> 
     </span>
     <span class='ocr_line' id='line_1_11' title="bbox 180 1527 1193 1615; baseline 0 -21"><span class='ocrx_word' id='word_1_79' title='bbox 180 1530 357 1596; x_wconf 90' lang='lat' dir='ltr'><strong>simillimos</strong></span> <span class='ocrx_word' id='word_1_80' title='bbox 381 1530 419 1596; x_wconf 93' lang='grc'><strong>11.</strong></span> <span class='ocrx_word' id='word_1_81' title='bbox 437 1533 526 1596; x_wconf 86' lang='lat'>30.1</span> <span class='ocrx_word' id='word_1_82' title='bbox 556 1537 631 1596; x_wconf 77' lang='lat' dir='ltr'><strong>vorot</strong></span> <span class='ocrx_word' id='word_1_83' title='bbox 653 1533 690 1596; x_wconf 86' lang='grc' dir='ltr'><strong>δέ</strong></span> <span class='ocrx_word' id='word_1_84' title='bbox 714 1566 754 1576; x_wconf 94' lang='grc'><strong>-</strong></span> <span class='ocrx_word' id='word_1_85' title='bbox 780 1528 881 1615; x_wconf 84' lang='grc' dir='ltr'><em>ὁμέν</em></span> <span class='ocrx_word' id='word_1_86' title='bbox 906 1567 944 1576; x_wconf 91' lang='grc'>-</span> <span class='ocrx_word' id='word_1_87' title='bbox 972 1527 1050 1597; x_wconf 76' lang='grc' dir='ltr'><strong>δδέ</strong></span> <span class='ocrx_word' id='word_1_88' title='bbox 1072 1571 1127 1594; x_wconf 90' lang='grc'><strong>-.</strong></span> <span class='ocrx_word' id='word_1_89' title='bbox 1157 1529 1193 1594; x_wconf 91' lang='lat' dir='ltr'><strong>V.</strong></span> 
     </span>
     <span class='ocr_line' id='line_1_12' title="bbox 186 1643 1191 1731; baseline 0.002 -22"><span class='ocrx_word' id='word_1_90' title='bbox 186 1652 233 1711; x_wconf 81' lang='lat' dir='ltr'><strong>m.</strong></span> <span class='ocrx_word' id='word_1_91' title='bbox 251 1649 281 1713; x_wconf 83' lang='lat'><strong>8.</strong></span> <span class='ocrx_word' id='word_1_92' title='bbox 307 1653 489 1731; x_wconf 82' lang='grc' dir='ltr'><em>Κένταυρος</em></span> <span class='ocrx_word' id='word_1_93' title='bbox 512 1648 549 1711; x_wconf 81' lang='grc' dir='ltr'><strong>δέ</strong></span> <span class='ocrx_word' id='word_1_94' title='bbox 572 1680 615 1689; x_wconf 88' lang='grc'>-</span> <span class='ocrx_word' id='word_1_95' title='bbox 639 1644 657 1711; x_wconf 85' lang='grc' dir='ltr'>ὁ</span> <span class='ocrx_word' id='word_1_96' title='bbox 680 1643 834 1730; x_wconf 83' lang='grc' dir='ltr'><em>μέν-ὁ</em></span> <span class='ocrx_word' id='word_1_97' title='bbox 858 1645 1084 1712; x_wconf 79' lang='grc' dir='ltr'><em>δέ--ΙΧ,</em></span> <span class='ocrx_word' id='word_1_98' title='bbox 1105 1649 1191 1711; x_wconf 67' lang='lat' dir='ltr'><strong>rai.</strong></span> 
     </span>
     <span class='ocr_line' id='line_1_13' title="bbox 179 1760 1192 1847; baseline 0.002 -22"><span class='ocrx_word' id='word_1_99' title='bbox 179 1761 312 1845; x_wconf 78' lang='grc' dir='ltr'><em>ἄγαλμα</em></span> <span class='ocrx_word' id='word_1_100' title='bbox 336 1763 373 1828; x_wconf 81' lang='grc' dir='ltr'><strong>δέ</strong></span> <span class='ocrx_word' id='word_1_101' title='bbox 397 1798 438 1808; x_wconf 89' lang='lat'>-</span> <span class='ocrx_word' id='word_1_102' title='bbox 463 1761 497 1828; x_wconf 81' lang='grc' dir='ltr'><strong>τὸ</strong></span> <span class='ocrx_word' id='word_1_103' title='bbox 520 1762 751 1847; x_wconf 72' lang='grc' dir='ltr'><em>μέν-ἔργον</em></span> <span class='ocrx_word' id='word_1_104' title='bbox 774 1762 861 1827; x_wconf 85' lang='grc' dir='ltr'><strong>δέ..</strong></span> <span class='ocrx_word' id='word_1_105' title='bbox 886 1768 919 1828; x_wconf 81' lang='lat' dir='ltr'><strong>et</strong></span> <span class='ocrx_word' id='word_1_106' title='bbox 941 1761 977 1826; x_wconf 88' lang='lat' dir='ltr'><strong>V.</strong></span> <span class='ocrx_word' id='word_1_107' title='bbox 1005 1763 1054 1826; x_wconf 81' lang='grc'><strong>12.</strong></span> <span class='ocrx_word' id='word_1_108' title='bbox 1074 1765 1115 1843; x_wconf 83' lang='grc'><strong>7.,</strong></span> <span class='ocrx_word' id='word_1_109' title='bbox 1141 1760 1192 1826; x_wconf 78' lang='lat' dir='ltr'><strong>Vl.</strong></span> 
     </span>
     <span class='ocr_line' id='line_1_14' title="bbox 183 1879 341 1943; baseline 0.006 -1"><span class='ocrx_word' id='word_1_110' title='bbox 183 1881 210 1942; x_wconf 90' lang='lat'><strong>1.</strong></span> <span class='ocrx_word' id='word_1_111' title='bbox 230 1879 259 1942; x_wconf 82' lang='lat'><strong>7.</strong></span> <span class='ocrx_word' id='word_1_112' title='bbox 284 1884 341 1943; x_wconf 88' lang='lat' dir='ltr'><strong>etc.</strong></span> 
     </span>
    </p>

    <p class='ocr_par' dir='ltr' id='par_1_5' title="bbox 179 1993 1255 2310">
     <span class='ocr_line' id='line_1_15' title="bbox 246 1993 1255 2076; baseline 0.006 -18"><span class='ocrx_word' id='word_1_113' title='bbox 246 1993 377 2060; x_wconf 91' lang='lat' dir='ltr'><strong>Duobus</strong></span> <span class='ocrx_word' id='word_1_114' title='bbox 401 2003 507 2061; x_wconf 89' lang='lat' dir='ltr'><strong>autem</strong></span> <span class='ocrx_word' id='word_1_115' title='bbox 531 1995 602 2059; x_wconf 87' lang='lat' dir='ltr'><strong>aliis</strong></span> <span class='ocrx_word' id='word_1_116' title='bbox 625 1994 702 2059; x_wconf 93' lang='lat' dir='ltr'><strong>locis</strong></span> <span class='ocrx_word' id='word_1_117' title='bbox 733 1994 870 2076; x_wconf 87' lang='lat' dir='ltr'><strong>dativus,</strong></span> <span class='ocrx_word' id='word_1_118' title='bbox 897 2014 969 2060; x_wconf 90' lang='lat' dir='ltr'><strong>oum</strong></span> <span class='ocrx_word' id='word_1_119' title='bbox 993 1995 1076 2059; x_wconf 91' lang='lat' dir='ltr'><strong>iusto</strong></span> <span class='ocrx_word' id='word_1_120' title='bbox 1101 1994 1193 2058; x_wconf 92' lang='lat' dir='ltr'><strong>modo</strong></span> <span class='ocrx_word' id='word_1_121' title='bbox 1253 2061 1255 2064; x_wconf 84' lang='lat'>.</span> 
     </span>
     <span class='ocr_line' id='line_1_16' title="bbox 179 2108 1193 2195; baseline -0.002 -19"><span class='ocrx_word' id='word_1_122' title='bbox 179 2111 331 2194; x_wconf 82' lang='lat' dir='ltr'><strong>explicari</strong></span> <span class='ocrx_word' id='word_1_123' title='bbox 354 2131 417 2175; x_wconf 91' lang='lat' dir='ltr'><strong>non</strong></span> <span class='ocrx_word' id='word_1_124' title='bbox 442 2112 555 2195; x_wconf 84' lang='lat' dir='ltr'><strong>possit,</strong></span> <span class='ocrx_word' id='word_1_125' title='bbox 579 2108 789 2176; x_wconf 89' lang='lat' dir='ltr'><strong>aSohubarto</strong></span> <span class='ocrx_word' id='word_1_126' title='bbox 812 2110 845 2175; x_wconf 92' lang='lat' dir='ltr'><strong>in</strong></span> <span class='ocrx_word' id='word_1_127' title='bbox 862 2111 1035 2192; x_wconf 81' lang='lat' dir='ltr'><strong>genitivum</strong></span> <span class='ocrx_word' id='word_1_128' title='bbox 1053 2115 1193 2175; x_wconf 85' lang='lat' dir='ltr'><strong>mutatus</strong></span> 
     </span>
     <span class='ocr_line' id='line_1_17' title="bbox 180 2225 1111 2310; baseline -0.001 -19"><span class='ocrx_word' id='word_1_129' title='bbox 180 2233 236 2291; x_wconf 88' lang='lat' dir='ltr'><strong>est.</strong></span> <span class='ocrx_word' id='word_1_130' title='bbox 285 2225 346 2292; x_wconf 87' lang='lat' dir='ltr'><strong>Sed</strong></span> <span class='ocrx_word' id='word_1_131' title='bbox 370 2247 431 2310; x_wconf 94' lang='lat' dir='ltr'><strong>quo</strong></span> <span class='ocrx_word' id='word_1_132' title='bbox 456 2227 524 2292; x_wconf 90' lang='lat' dir='ltr'><strong>iure</strong></span> <span class='ocrx_word' id='word_1_133' title='bbox 546 2226 580 2293; x_wconf 91' lang='lat' dir='ltr'><strong>id</strong></span> <span class='ocrx_word' id='word_1_134' title='bbox 603 2227 725 2310; x_wconf 84' lang='lat' dir='ltr'><strong>fecerit,</strong></span> <span class='ocrx_word' id='word_1_135' title='bbox 749 2247 832 2292; x_wconf 92' lang='lat' dir='ltr'><strong>nunc</strong></span> <span class='ocrx_word' id='word_1_136' title='bbox 855 2227 1068 2310; x_wconf 80' lang='lat' dir='ltr'><strong>exquiramus.</strong></span> <span class='ocrx_word' id='word_1_137' title='bbox 1109 2261 1111 2266; x_wconf 95' lang='lat'>·</span> 
     </span>
    </p>

    <p class='ocr_par' dir='ltr' id='par_1_6' title="bbox 176 2339 1194 3938">
     <span class='ocr_line' id='line_1_18' title="bbox 245 2339 1194 2428; baseline -0.001 -21"><span class='ocrx_word' id='word_1_138' title='bbox 245 2342 298 2408; x_wconf 87' lang='lat' dir='ltr'><strong>IX.</strong></span> <span class='ocrx_word' id='word_1_139' title='bbox 320 2346 368 2409; x_wconf 83' lang='lat'><strong>15.</strong></span> <span class='ocrx_word' id='word_1_140' title='bbox 387 2346 407 2408; x_wconf 89' lang='lat'><strong>3</strong></span> <span class='ocrx_word' id='word_1_141' title='bbox 425 2343 508 2411; x_wconf 87' lang='lat' dir='ltr'><strong>enim</strong></span> <span class='ocrx_word' id='word_1_142' title='bbox 524 2343 653 2424; x_wconf 86' lang='lat' dir='ltr'><strong>legitur:</strong></span> <span class='ocrx_word' id='word_1_143' title='bbox 672 2339 896 2428; x_wconf 79' lang='grc' dir='ltr'><em>Ὀρχομενίους</em></span> <span class='ocrx_word' id='word_1_144' title='bbox 919 2347 1059 2427; x_wconf 76' lang='grc' dir='ltr'><em>Θηβαῖοι</em></span> <span class='ocrx_word' id='word_1_145' title='bbox 1081 2345 1194 2407; x_wconf 82' lang='grc' dir='ltr'><em>ποιοῦ-</em></span> 
     </span>
     <span class='ocr_line' id='line_1_19' title="bbox 178 2454 1193 2546; baseline 0 -22"><span class='ocrx_word' id='word_1_146' title='bbox 178 2479 229 2524; x_wconf 90' lang='grc' dir='ltr'><strong>σιν</strong></span> <span class='ocrx_word' id='word_1_147' title='bbox 252 2456 452 2536; x_wconf 81' lang='grc' dir='ltr'><em>ἆνασιόιονς</em></span> <span class='ocrx_word' id='word_1_148' title='bbox 476 2461 587 2546; x_wconf 77' lang='grc' dir='ltr'><em>ἕκτης</em></span> <span class='ocrx_word' id='word_1_149' title='bbox 609 2457 732 2542; x_wconf 84' lang='grc' dir='ltr'><em>χιόρας·</em></span> <span class='ocrx_word' id='word_1_150' title='bbox 757 2459 930 2546; x_wconf 82' lang='grc' dir='ltr'><em>συμφορὰν</em></span> <span class='ocrx_word' id='word_1_151' title='bbox 960 2460 997 2524; x_wconf 82' lang='grc' dir='ltr'><strong>δὲ</strong></span> <span class='ocrx_word' id='word_1_152' title='bbox 1025 2459 1080 2544; x_wconf 80' lang='grc' dir='ltr'><strong>τὴν</strong></span> <span class='ocrx_word' id='word_1_153' title='bbox 1110 2454 1193 2524; x_wconf 77' lang='grc' dir='ltr'><em>ἄνοι’-</em></span> 
     </span>
     <span class='ocr_line' id='line_1_20' title="bbox 180 2572 1194 2661; baseline 0 -21"><span class='ocrx_word' id='word_1_154' title='bbox 180 2595 290 2641; x_wconf 81' lang='grc' dir='ltr'><em>σιασιν</em></span> <span class='ocrx_word' id='word_1_155' title='bbox 318 2589 383 2650; x_wconf 77' lang='grc' dir='ltr'><em>τοῖς</em></span> <span class='ocrx_word' id='word_1_156' title='bbox 397 2573 615 2661; x_wconf 80' lang='grc' dir='ltr'><em>Ὀρχομενίοις</em></span> <span class='ocrx_word' id='word_1_157' title='bbox 637 2574 782 2661; x_wconf 72' lang='grc' dir='ltr'><em>ἐνόμιζεν</em></span> <span class='ocrx_word' id='word_1_158' title='bbox 804 2572 1116 2659; x_wconf 83' lang='grc' dir='ltr'><em>όἘπαμεινιόνδας,</em></span> <span class='ocrx_word' id='word_1_159' title='bbox 1139 2579 1194 2640; x_wconf 76' lang='grc' dir='ltr'><em>καὶ</em></span> 
     </span>
     <span class='ocr_line' id='line_1_21' title="bbox 178 2685 1193 2776; baseline -0.002 -20"><span class='ocrx_word' id='word_1_160' title='bbox 178 2690 217 2756; x_wconf 83' lang='grc' dir='ltr'><strong>οἴι</strong></span> <span class='ocrx_word' id='word_1_161' title='bbox 232 2692 303 2757; x_wconf 78' lang='grc' dir='ltr'><em>ποτ’</em></span> <span class='ocrx_word' id='word_1_162' title='bbox 314 2692 357 2755; x_wconf 78' lang='grc' dir='ltr'><strong>ἂν</strong></span> <span class='ocrx_word' id='word_1_163' title='bbox 373 2692 610 2776; x_wconf 76' lang='grc' dir='ltr'><em>ἐξεργασθῆναι</em></span> <span class='ocrx_word' id='word_1_164' title='bbox 622 2689 768 2776; x_wconf 83' lang='grc' dir='ltr'><em>τόλμημα</em></span> <span class='ocrx_word' id='word_1_165' title='bbox 784 2692 927 2757; x_wconf 76' lang='grc' dir='ltr'><em>τοιοῦτον</em></span> <span class='ocrx_word' id='word_1_166' title='bbox 942 2685 1042 2756; x_wconf 72' lang='grc' dir='ltr'><em>αὐτοῦ</em></span> <span class='ocrx_word' id='word_1_167' title='bbox 1056 2715 1091 2771; x_wconf 78' lang='grc' dir='ltr'><strong>ηε</strong></span> <span class='ocrx_word' id='word_1_168' title='bbox 1107 2715 1193 2773; x_wconf 83' lang='grc' dir='ltr'><em>παρ-</em></span> 
     </span>
     <span class='ocr_line' id='line_1_22' title="bbox 179 2804 1193 2893; baseline -0.003 -21"><span class='ocrx_word' id='word_1_169' title='bbox 179 2804 271 2882; x_wconf 86' lang='grc' dir='ltr'><em>όντος</em></span> <span class='ocrx_word' id='word_1_170' title='bbox 294 2807 434 2893; x_wconf 79' lang='grc' dir='ltr'><em>ἔφασκεν</em></span> <span class='ocrx_word' id='word_1_171' title='bbox 460 2804 523 2872; x_wconf 75' lang='grc' dir='ltr'><strong>ὑπὸ</strong></span> <span class='ocrx_word' id='word_1_172' title='bbox 547 2813 712 2893; x_wconf 79' lang='grc' dir='ltr'><em>Θηβαίων.</em></span> <span class='ocrx_word' id='word_1_173' title='bbox 762 2806 859 2872; x_wconf 78' lang='lat' dir='ltr'><strong>Recte</strong></span> <span class='ocrx_word' id='word_1_174' title='bbox 887 2807 1012 2891; x_wconf 86' lang='lat' dir='ltr'><strong>quidem</strong></span> <span class='ocrx_word' id='word_1_175' title='bbox 1036 2804 1193 2871; x_wconf 81' lang='lat' dir='ltr'><strong>Sububar·</strong></span> 
     </span>
     <span class='ocr_line' id='line_1_23' title="bbox 177 2921 1193 3002; baseline -0.001 -16"><span class='ocrx_word' id='word_1_176' title='bbox 177 2928 228 2986; x_wconf 90' lang='lat' dir='ltr'><strong>tus</strong></span> <span class='ocrx_word' id='word_1_177' title='bbox 254 2921 295 3000; x_wconf 81' lang='lat' dir='ltr'><strong>(v.</strong></span> <span class='ocrx_word' id='word_1_178' title='bbox 312 2921 462 2987; x_wconf 88' lang='lat' dir='ltr'><strong>Zeitschr.</strong></span> <span class='ocrx_word' id='word_1_179' title='bbox 479 2923 501 2986; x_wconf 86' lang='lat' dir='ltr'><strong>f.</strong></span> <span class='ocrx_word' id='word_1_180' title='bbox 517 2921 655 2988; x_wconf 88' lang='lat' dir='ltr'><strong>Alterth.</strong></span> <span class='ocrx_word' id='word_1_181' title='bbox 674 2924 785 3002; x_wconf 83' lang='lat'>1851.)</span> <span class='ocrx_word' id='word_1_182' title='bbox 815 2923 1003 2988; x_wconf 87' lang='lat' dir='ltr'><strong>sententiam</strong></span> <span class='ocrx_word' id='word_1_183' title='bbox 1035 2921 1193 2988; x_wconf 85' lang='lat' dir='ltr'><strong>Sicbelisii</strong></span> 
     </span>
     <span class='ocr_line' id='line_1_24' title="bbox 178 3035 1193 3124; baseline 0 -20"><span class='ocrx_word' id='word_1_184' title='bbox 178 3039 320 3104; x_wconf 88' lang='lat' dir='ltr'><strong>dativum</strong></span> <span class='ocrx_word' id='word_1_185' title='bbox 343 3035 504 3123; x_wconf 79' lang='grc' dir='ltr'><strong>οοτςὈρη.</strong></span> <span class='ocrx_word' id='word_1_186' title='bbox 521 3059 578 3123; x_wconf 95' lang='lat' dir='ltr'><strong>pro</strong></span> <span class='ocrx_word' id='word_1_187' title='bbox 601 3039 740 3120; x_wconf 84' lang='lat' dir='ltr'><strong>genitivo</strong></span> <span class='ocrx_word' id='word_1_188' title='bbox 764 3040 903 3124; x_wconf 90' lang='lat' dir='ltr'><strong>positum</strong></span> <span class='ocrx_word' id='word_1_189' title='bbox 927 3059 997 3105; x_wconf 93' lang='lat' dir='ltr'><strong>cum</strong></span> <span class='ocrx_word' id='word_1_190' title='bbox 1014 3038 1193 3106; x_wconf 78' lang='grc' dir='ltr'><em>ἀκόστασιν</em></span> 
     </span>
     <span class='ocr_line' id='line_1_25' title="bbox 177 3155 1190 3240; baseline -0.001 -19"><span class='ocrx_word' id='word_1_191' title='bbox 177 3155 428 3238; x_wconf 84' lang='lat' dir='ltr'><strong>coniungendam</strong></span> <span class='ocrx_word' id='word_1_192' title='bbox 454 3174 522 3220; x_wconf 88' lang='lat' dir='ltr'><strong>esse</strong></span> <span class='ocrx_word' id='word_1_193' title='bbox 545 3155 727 3240; x_wconf 86' lang='lat' dir='ltr'><strong>impugnat;</strong></span> <span class='ocrx_word' id='word_1_194' title='bbox 753 3155 808 3220; x_wconf 91' lang='lat' dir='ltr'><strong>sed</strong></span> <span class='ocrx_word' id='word_1_195' title='bbox 832 3155 937 3220; x_wconf 89' lang='lat' dir='ltr'><strong>dativo</strong></span> <span class='ocrx_word' id='word_1_196' title='bbox 961 3155 993 3220; x_wconf 90' lang='lat' dir='ltr'><strong>in</strong></span> <span class='ocrx_word' id='word_1_197' title='bbox 1018 3156 1190 3237; x_wconf 85' lang='lat' dir='ltr'><strong>genitivum</strong></span> 
     </span>
     <span class='ocr_line' id='line_1_26' title="bbox 177 3267 1192 3356; baseline -0.001 -19"><span class='ocrx_word' id='word_1_198' title='bbox 177 3277 298 3338; x_wconf 87' lang='lat' dir='ltr'><strong>mutato</strong></span> <span class='ocrx_word' id='word_1_199' title='bbox 323 3272 391 3351; x_wconf 80' lang='lat' dir='ltr'><strong>(cir.</strong></span> <span class='ocrx_word' id='word_1_200' title='bbox 417 3270 531 3337; x_wconf 86' lang='lat' dir='ltr'><strong>Sohub.</strong></span> <span class='ocrx_word' id='word_1_201' title='bbox 555 3272 588 3336; x_wconf 90' lang='lat' dir='ltr'><strong>in</strong></span> <span class='ocrx_word' id='word_1_202' title='bbox 604 3271 703 3356; x_wconf 85' lang='lat' dir='ltr'><strong>praef.</strong></span> <span class='ocrx_word' id='word_1_203' title='bbox 721 3291 751 3356; x_wconf 90' lang='lat' dir='ltr'><strong>p.</strong></span> <span class='ocrx_word' id='word_1_204' title='bbox 768 3267 882 3355; x_wconf 87' lang='lat' dir='ltr'>XVII.)</span> <span class='ocrx_word' id='word_1_205' title='bbox 898 3290 1007 3336; x_wconf 89' lang='lat' dir='ltr'><strong>omnes</strong></span> <span class='ocrx_word' id='word_1_206' title='bbox 1030 3271 1091 3336; x_wconf 92' lang='lat' dir='ltr'><strong>loci</strong></span> <span class='ocrx_word' id='word_1_207' title='bbox 1112 3271 1192 3336; x_wconf 83' lang='lat' dir='ltr'><strong>diiii·</strong></span> 
     </span>
     <span class='ocr_line' id='line_1_27' title="bbox 177 3385 1192 3472; baseline -0.004 -18"><span class='ocrx_word' id='word_1_208' title='bbox 177 3389 309 3455; x_wconf 88' lang='lat' dir='ltr'><strong>cultates</strong></span> <span class='ocrx_word' id='word_1_209' title='bbox 344 3389 484 3453; x_wconf 87' lang='lat' dir='ltr'><strong>sublatas</strong></span> <span class='ocrx_word' id='word_1_210' title='bbox 520 3407 589 3452; x_wconf 88' lang='lat' dir='ltr'><strong>esse</strong></span> <span class='ocrx_word' id='word_1_211' title='bbox 623 3407 714 3469; x_wconf 87' lang='lat' dir='ltr'><strong>nego.</strong></span> <span class='ocrx_word' id='word_1_212' title='bbox 771 3385 852 3452; x_wconf 89' lang='lat' dir='ltr'><strong>Nam</strong></span> <span class='ocrx_word' id='word_1_213' title='bbox 889 3387 930 3452; x_wconf 89' lang='lat' dir='ltr'><strong>ad</strong></span> <span class='ocrx_word' id='word_1_214' title='bbox 964 3386 1043 3452; x_wconf 91' lang='lat' dir='ltr'><strong>illud</strong></span> <span class='ocrx_word' id='word_1_215' title='bbox 1076 3386 1192 3472; x_wconf 85' lang='lat' dir='ltr'><strong>Epami</strong></span> 
     </span>
     <span class='ocr_line' id='line_1_28' title="bbox 176 3500 1189 3587; baseline -0.001 -19"><span class='ocrx_word' id='word_1_216' title='bbox 176 3505 314 3572; x_wconf 86' lang='lat' dir='ltr'><strong>nondae:</strong></span> <span class='ocrx_word' id='word_1_217' title='bbox 340 3504 544 3587; x_wconf 84' lang='lat' dir='ltr'><strong>„eiectionem</strong></span> <span class='ocrx_word' id='word_1_218' title='bbox 568 3502 849 3569; x_wconf 88' lang='lat' dir='ltr'><strong>Orchomeniorum</strong></span> <span class='ocrx_word' id='word_1_219' title='bbox 870 3503 1084 3569; x_wconf 80' lang='lat' dir='ltr'><strong>calamitatem</strong></span> <span class='ocrx_word' id='word_1_220' title='bbox 1101 3500 1189 3568; x_wconf 87' lang='lat' dir='ltr'><strong>esse“</strong></span> 
     </span>
     <span class='ocr_line' id='line_1_29' title="bbox 177 3619 1191 3704; baseline -0.001 -21"><span class='ocrx_word' id='word_1_221' title='bbox 177 3620 292 3704; x_wconf 76' lang='lat' dir='ltr'><strong>rethia,</strong></span> <span class='ocrx_word' id='word_1_222' title='bbox 316 3641 397 3704; x_wconf 87' lang='lat' dir='ltr'><strong>quae</strong></span> <span class='ocrx_word' id='word_1_223' title='bbox 420 3627 605 3704; x_wconf 90' lang='lat' dir='ltr'><strong>sequuntur,</strong></span> <span class='ocrx_word' id='word_1_224' title='bbox 629 3621 767 3686; x_wconf 82' lang='lat' dir='ltr'><strong>accessio</strong></span> <span class='ocrx_word' id='word_1_225' title='bbox 791 3627 855 3685; x_wconf 85' lang='lat' dir='ltr'><strong>tam</strong></span> <span class='ocrx_word' id='word_1_226' title='bbox 880 3619 986 3701; x_wconf 84' lang='lat' dir='ltr'><strong>gravis</strong></span> <span class='ocrx_word' id='word_1_227' title='bbox 1011 3627 1045 3686; x_wconf 89' lang='lat' dir='ltr'><strong>ct</strong></span> <span class='ocrx_word' id='word_1_228' title='bbox 1068 3619 1191 3702; x_wconf 87' lang='lat' dir='ltr'><strong>vitupo-</strong></span> 
     </span>
     <span class='ocr_line' id='line_1_30' title="bbox 176 3736 1191 3820; baseline 0 -20"><span class='ocrx_word' id='word_1_229' title='bbox 176 3737 257 3801; x_wconf 90' lang='lat' dir='ltr'><strong>ratio</strong></span> <span class='ocrx_word' id='word_1_230' title='bbox 281 3744 346 3801; x_wconf 92' lang='lat' dir='ltr'><strong>tam</strong></span> <span class='ocrx_word' id='word_1_231' title='bbox 370 3737 452 3802; x_wconf 86' lang='lat' dir='ltr'><strong>iusta</strong></span> <span class='ocrx_word' id='word_1_232' title='bbox 475 3737 668 3820; x_wconf 84' lang='lat' dir='ltr'><strong>adiungitur,</strong></span> <span class='ocrx_word' id='word_1_233' title='bbox 692 3741 729 3802; x_wconf 93' lang='lat' dir='ltr'><strong>ut</strong></span> <span class='ocrx_word' id='word_1_234' title='bbox 743 3737 838 3802; x_wconf 86' lang='lat' dir='ltr'><strong>etiam</strong></span> <span class='ocrx_word' id='word_1_235' title='bbox 859 3736 1048 3802; x_wconf 86' lang='lat' dir='ltr'><strong>sententiam</strong></span> <span class='ocrx_word' id='word_1_236' title='bbox 1066 3745 1191 3800; x_wconf 89' lang='lat' dir='ltr'><strong>antece-</strong></span> 
     </span>
     <span class='ocr_line' id='line_1_31' title="bbox 176 3851 1188 3938; baseline -0.001 -22"><span class='ocrx_word' id='word_1_237' title='bbox 176 3851 300 3918; x_wconf 89' lang='lat' dir='ltr'><strong>dentem</strong></span> <span class='ocrx_word' id='word_1_238' title='bbox 326 3854 502 3920; x_wconf 90' lang='lat' dir='ltr'><strong>accuratius</strong></span> <span class='ocrx_word' id='word_1_239' title='bbox 526 3859 558 3920; x_wconf 89' lang='lat' dir='ltr'><strong>et</strong></span> <span class='ocrx_word' id='word_1_240' title='bbox 580 3852 740 3918; x_wconf 85' lang='lat' dir='ltr'><strong>definitius</strong></span> <span class='ocrx_word' id='word_1_241' title='bbox 765 3853 804 3918; x_wconf 87' lang='lat' dir='ltr'><strong>ab</strong></span> <span class='ocrx_word' id='word_1_242' title='bbox 827 3851 1051 3938; x_wconf 85' lang='lat' dir='ltr'><strong>Epaminonda</strong></span> <span class='ocrx_word' id='word_1_243' title='bbox 1074 3852 1188 3917; x_wconf 89' lang='lat' dir='ltr'><strong>dictam</strong></span> 
     </span>
    </p>
   </div>
   <div class='ocr_carea' id='block_1_5' title="bbox 0 0 1544 4652">
    <p class='ocr_par' dir='ltr' id='par_1_7' title="bbox 0 0 1544 4652">
     <span class='ocr_line' id='line_1_32' title="bbox 0 0 1544 4652; baseline 0 2"><span class='ocrx_word' id='word_1_244' title='bbox 0 0 1544 4652; x_wconf 95' lang='lat' dir='ltr'><strong> </strong></span> 
     </span>
    </p>
   </div>
  </div>
 </body>
</html>
