3080 4652
839 295 883 360 48

356 492 424 538 esse
448 472 642 551 existimem3
668 471 717 537 vel
740 479 775 536 ut
798 492 859 537 uno
884 473 979 537 verbo
1003 472 1204 557 eompleetar,
1228 474 1262 538 in
1285 472 1369 558 Epa-

355 588 523 653 minondae
546 589 701 652 sententia
726 587 957 669 desideramus,
986 588 1037 652 oui
1067 589 1176 654 eieotio
1202 588 1369 654 Orchome-

355 705 479 768 niorum
504 703 676 768 calamitati
700 705 749 787 ait,
775 724 845 768 enm
863 703 1080 769 Orobomeniis
1104 725 1174 768 eam
1198 704 1369 769 calamitati

356 839 425 884 esse
457 817 694 904 Epaminondas
731 820 799 883 sine
833 819 927 884 dubio
963 819 1067 884 dioere
1102 820 1247 885 noluerit.
1307 820 1368 885 Sed

357 935 440 1019 qood
462 935 546 1000 idem
570 955 636 1000 rem
663 934 864 1000 vehementer
887 935 1057 1019 improbat,
1080 936 1153 1000 inde
1177 934 1368 1020 Epaminon·

357 1051 440 1132 dam,
464 1071 503 1115 ne
526 1051 684 1116 Thebanis
707 1052 785 1136 ipsis
809 1050 920 1116 eiectio
944 1049 1224 1116 Orchomeniorom
1241 1051 1368 1117 salami-

357 1166 415 1231 tati
440 1175 533 1249 esset,
556 1166 701 1231 timuisse
724 1167 855 1232 oonioio.
903 1165 1002 1243 Quam
1031 1167 1070 1232 ob
1101 1187 1167 1232 rem
1196 1167 1283 1232 loeus
1306 1168 1368 1232 for-

356 1297 441 1354 tasse
464 1289 509 1353 sio
531 1289 744 1354 restituendus
767 1295 830 1353 est:
855 1288 1027 1375 συμφορὰν
1050 1291 1086 1354 δὲ
1110 1289 1165 1375 τὴν
1194 1286 1370 1357 ἀνάστασιν

357 1401 558 1487 αὖτοῖςὈρ
565 1429 608 1485 χο
615 1411 760 1488 μονίων
775 1404 919 1488 ἐνόμιζεν
935 1403 1237 1490 ὃἘπαμεινοίνδας.
1271 1405 1369 1483 Quam

356 1520 448 1585 faeile
473 1527 576 1585 autem
601 1541 641 1586 ex
665 1516 773 1596 ωὖσοτς
790 1515 1004 1605 Ὀρχομενίων
1028 1521 1153 1586 dativus
1175 1535 1242 1596 τοῖς
1258 1519 1370 1606 Ὀρχο-

357 1643 477 1721 μενίοις
499 1636 699 1702 librariorum
725 1655 831 1701 errore
855 1643 886 1702 et
909 1638 1103 1702 eorreetiooe
1127 1638 1203 1701 oriri
1220 1639 1367 1722 potuerit,

357 1772 449 1818 nemo
475 1774 538 1817 non
566 1753 732 1835 intellegit.
789 1752 837 1818 De
872 1753 981 1818 dativo
1011 1762 1117 1818 autem
1147 1750 1256 1829 αιίιοῑς
1289 1754 1370 1818 inter

358 1869 419 1934 duo
455 1868 550 1933 verba
584 1868 784 1934 cohaerentia
819 1869 971 1934 oollooato
1006 1869 1062 1933 ofr.
1098 1868 1180 1934 Vlll.
1204 1872 1234 1934 3.
1259 1872 1280 1935 5
1309 1872 1370 1935 τῶν
1495 1952 1496 1958 ¹

357 1985 485 2050 παίδων
507 1981 664 2059 νεώτατος
686 1982 833 2050 Λνκοίονι
848 1981 1003 2068 ἀρσένων.
1027 1985 1051 2049 l.
1067 1987 1121 2049 41.
1140 1987 1170 2049 2.
1188 1984 1206 2050 ὃ
1222 1987 1285 2052 τῶν
1301 1987 1371 2050 ἐπι-

358 2105 483 2184 χωρίων
509 2097 583 2184 ἡμῖν
603 2098 750 2185 ἐξηγητὴς
770 2098 887 2185 ἡγεῖτο,
918 2107 950 2163 et
972 2099 1024 2164 lll.
1044 2103 1094 2165 14.
1113 2103 1157 2182 9.,
1181 2099 1247 2164 Vll.
1264 2102 1314 2164 17.
1327 2103 1370 2182 3.,

358 2213 398 2280 Χ.
416 2219 445 2280 b.
467 2217 517 2281 13.
542 2222 574 2280 et
597 2236 674 2299 quos
698 2215 783 2280 locos
806 2214 924 2280 eontuli
949 2235 1000 2300 pg.
1014 2217 1068 2281 40.

426 2332 516 2397 Alter
548 2332 634 2397 loeus
669 2338 774 2398 autem
810 2341 857 2396 est
892 2330 973 2396 Vlll.
993 2335 1044 2398 13.
1062 2334 1098 2414 6,
1133 2329 1213 2416 μετὰ
1241 2333 1277 2396 δὲ
1300 2330 1371 2406 τοὺς

358 2448 452 2531 ὅρους
474 2461 544 2523 ταῖς
566 2449 823 2531 κατειλεγμέναις
850 2446 961 2514 πόλεσι
988 2447 1121 2533 φοίραγξ
1148 2475 1181 2512 τε
1210 2446 1371 2514 ὑπόκειται

358 2568 411 2629 καί
434 2570 524 2650 φέρει
546 2565 587 2629 δι’
603 2559 699 2650 ababa
722 2562 741 2648 ἡ
765 2566 798 2639 ἐς
823 2567 946 2630 Φένοον
969 2563 1063 2641 ὁδός,
1097 2564 1150 2628 ubi
1179 2563 1371 2629 Sohubartus

359 2680 457 2746 edidit
481 2679 576 2763 ὅρους
591 2682 654 2746 τῶν
670 2705 739 2745 κατ.
755 2679 895 2756 πόλεων,
911 2700 984 2744 oum
999 2699 1102 2762 neque
1119 2680 1243 2744 dativus
1259 2693 1370 2755 ταῖς..

358 2816 428 2861 eum
464 2795 661 2861 substantivo
691 2796 784 2878 ὅρους
812 2795 961 2875 coniungi
993 2796 1095 2879 possit
1122 2815 1223 2878 neque
1258 2803 1371 2859 natura

358 2912 496 2994 regionis
531 2931 601 2977 eum
637 2911 676 2976 ad
712 2911 841 2977 verbum
873 2909 1038 2977 dadastam
1072 2912 1182 2977 referri
1217 2911 1370 2996 patiatur;

359 3025 521 3092 librarium
546 3033 651 3091 autem
669 3025 861 3093 Sohubartus
886 3035 979 3111 putat
993 3027 1124 3092 oonsilio
1140 3034 1235 3111 atque
1252 3029 1372 3092 ratione

359 3143 530 3226 genitivum
556 3143 587 3208 in
612 3142 753 3208 dativum
778 3143 961 3226 mutavisse,
985 3149 1021 3207 ut
1043 3164 1114 3208 eum
1145 3144 1184 3208 ad
1212 3141 1373 3211 ὑπόκειται

360 3258 534 3344 adaptaret.
575 3257 661 3337 Quae
685 3258 865 3325 coniectura
888 3279 1077 3344 quamquam
1101 3260 1203 3326 loonm
1224 3269 1371 3343 tanquam

360 3375 444 3440 ossio
467 3375 591 3442 videtur
614 3375 731 3459 dolare,
756 3383 861 3442 tamen
886 3377 1101 3461 asperitatem,
1126 3377 1157 3441 in
1175 3397 1236 3459 qua
1252 3377 1373 3459 priores

360 3491 495 3558 editores
519 3511 580 3558 non
604 3489 811 3575 offenderunt,
836 3492 945 3558 tollere
962 3493 1080 3571 studet;
1105 3492 1159 3557 sed
1176 3499 1283 3556 utrum
1299 3511 1375 3557 vera

360 3605 402 3672 ait
426 3625 464 3672 ao
490 3604 689 3674 librariorum
708 3607 906 3690 neglegentia
923 3607 1049 3691 aliquod
1066 3607 1269 3692 participium
1293 3605 1375 3670 unde

360 3721 484 3794 dativus
514 3723 649 3810 pendeat
677 3725 818 3790 omissum
848 3725 889 3790 sit
918 3731 953 3790 at
984 3725 1093 3808 (ὄρους
1124 3723 1181 3805 -t
1211 3730 1376 3808 κειμένους

361 3837 410 3908 vel
439 3841 658 3918 σονοίπιοννας
692 3839 740 3908 vel
773 3847 1011 3926 συμμίσγοντας
1041 3838 1109 3920 (ol'r.
1142 3840 1210 3906 loeo
1238 3840 1308 3924 ipso
1336 3839 1377 3904 de
