3080 4652
791 391 924 500 16ἱ

303 589 374 642 νον,
390 562 471 629 VIII.
488 567 542 630 51.
559 567 589 630 8.
607 565 642 631 ἔν
656 591 688 631 τε
710 561 887 649 ’Λρκαδίας
907 569 961 632 καὶ
980 567 1072 651 παραὶ
1098 565 1241 652 ’Λχαιῶν
1257 574 1315 634 ete.

304 685 359 745 aut
385 681 505 745 nomini
533 681 709 766 postposita
738 688 846 746 estut
874 681 928 748 IX.
946 685 977 749 6.
994 686 1025 749 4.
1050 687 1123 768 περὶ
1151 683 1317 769 Κόρινθόν

304 821 337 860 σε
370 800 425 861 καὶ
455 797 491 862 ἐν
526 803 707 879 Κορωνείᾳ,
740 795 781 862 Χ.
805 799 855 862 12.
880 801 911 865 5.
945 800 979 875 ἐς
1007 799 1114 886 Δῆλόν
1142 826 1175 866 σε
1204 805 1259 864 καὶ
1284 802 1317 877 ἒς

304 911 464 1000 Δελφούς.

372 1028 440 1094 Hoc
470 1029 633 1094 occasione
661 1028 767 1094 oblata
795 1028 882 1095 loeus
911 1029 999 1114 mihi,
1017 1030 1317 1115 praetermittendus

306 1163 368 1207 non
397 1149 464 1225 est,
497 1144 550 1208 ubi
579 1143 715 1210 editores
742 1143 776 1208 in
804 1142 938 1210 lectione
969 1145 1165 1211 restituenda
1190 1146 1318 1231 copule-

305 1259 423 1324 tionem
458 1258 590 1324 duorum
626 1259 894 1326 substantivorum
933 1281 989 1344 per
1016 1267 1050 1326 τέ
1062 1295 1104 1306 -
1117 1267 1172 1326 καί
1205 1281 1318 1346 perum

307 1380 524 1458 respexerunt.
553 1373 593 1440 X.
616 1377 707 1440 2l.3
737 1375 820 1440 cuim
851 1375 973 1441 codices
1002 1375 1131 1442 habent:
1160 1376 1192 1442 oi
1220 1378 1256 1442 δὲ
1284 1379 1319 1442 ἐν

307 1487 384 1583 ὀργῇ
412 1516 445 1555 τε
472 1492 526 1557 ἐπὶ
552 1489 626 1566 τους
652 1492 819 1566 ἐναντίους
847 1495 902 1555 καὶ
928 1494 1040 1576 θυμοῦ
1073 1490 1153 1576 μετὰ
1188 1487 1320 1567 οδδενὸς

305 1609 459 1691 λογισμοῦ
480 1604 634 1689 καθάπερ
661 1605 701 1671 τὰ
728 1611 831 1692 θηρία
859 1606 1015 1690 ἔχαρουν,·
1047 1607 1130 1691 quud
1162 1607 1320 1688 genitivus

306 1725 416 1808 θυμοῦ
439 1741 532 1788 sensu
556 1727 657 1804 caret,
686 1720 830 1787 Kuhuius
854 1723 988 1788 coniecit
1015 1727 1126 1812 θυμῷ,
1157 1724 1240 1808 quod
1263 1743 1321 1808 per

310 1843 343 1903 τέ
356 1873 394 1883 -
410 1844 464 1902 καί
479 1858 549 1904 cum
566 1839 603 1904 ἐν
619 1834 696 1930 ὀργῇ
718 1838 973 1920 coniungeretur3
999 1859 1092 1922 qnam
1108 1839 1319 1904 coniecturum

308 1954 405 2020 ueteri
420 1954 557 2020 editores
572 1960 768 2039 receperunt.
815 1953 859 2019 At
881 1973 986 2020 nonne
1010 1955 1055 2020 sic
1071 1974 1175 2020 sermo
1198 1953 1319 2020 claudi-

307 2077 368 2153 cat,
393 2070 466 2154 quia
480 2070 560 2155 μετὰ
576 2065 707 2146 οὐδενὸς
721 2072 880 2154 λογισμοῦ
893 2072 979 2136 omni
995 2077 1082 2136 aeret
1104 2069 1322 2155 copulatione?

311 2184 379 2262 Qua
406 2205 439 2251 re
468 2192 522 2251 aut
550 2189 604 2250 καὶ
638 2185 840 2252 inserendum
868 2192 917 2251 est
951 2191 1019 2268 aut,
1055 2186 1138 2270 quod
1173 2186 1320 2269 equidem

306 2297 464 2387 suspicor,
485 2305 598 2386 θυμοῦ
619 2307 800 2368 truncatum
823 2308 884 2380 est,
911 2321 981 2367 cum
1007 2303 1111 2367 exitus
1134 2327 1226 2387 μενοι
1249 2306 1323 2367 ante

308 2418 389 2503 μετά
416 2418 538 2483 librarii
568 2437 692 2500 errore,
725 2419 814 2483 cuius
843 2417 991 2504 exemplu
1024 2437 1122 2502 supra
1148 2417 1324 2503 compluria

309 2534 438 2616 contuli,
466 2532 642 2616 excideret,
674 2534 720 2598 ita
746 2540 782 2598 ut
808 2533 975 2616 legendum
1005 2533 1047 2598 sit
1074 2532 1323 2618 θυμούμενοι

308 2649 389 2735 μετὰ
424 2645 553 2724 οὐδενὸς
579 2653 650 2717 λ..
677 2655 709 2715 et
742 2651 779 2716 dv
812 2646 890 2744 ὀργῇ
922 2675 965 2716 τε.
1001 2669 1072 2714 cnm
1107 2653 1220 2715 καὶ-
1243 2648 1322 2734 μετὰ

311 2764 383 2833 odd.
398 2770 427 2834 λ.
457 2766 719 2848 coniungendum.
770 2765 819 2832 De
847 2772 990 2832 conano
1021 2772 1126 2832 autem
1155 2764 1323 2831 verborum

309 2881 514 2948 collocatione
536 2881 621 2947 iufra
643 2882 801 2967 copiosius
827 2881 948 2966 loquar.

376 2996 559 3063 Proximum
590 3006 639 3064 cst
666 3005 702 3063 ut
731 2998 770 3064 de
802 2997 935 3062 duorum
959 2997 1171 3063 membrorum
1195 2995 1325 3080 copula-

310 3113 396 3179 tione
424 3132 481 3197 per
508 3115 646 3178 τέ-δέ
673 3112 887 3197 disputemus,
915 3132 996 3197 quae
1026 3133 1045 3176 a
1071 3110 1229 3177 Pausania
1256 3131 1325 3176 sae-

311 3229 394 3313 pius,
418 3248 511 3312 quam
536 3227 672 3294 editores
695 3233 901 3312 agnoverunt,
923 3229 1079 3313 usurpata
1099 3233 1156 3294 est.
1204 3226 1267 3309 sic,
1290 3232 1327 3292 ut

312 3343 372 3409 loci
396 3344 567 3410 editoribus
583 3345 708 3431 probati
728 3345 982 3430 praemittantur,
1006 3343 1122 3428 legitur
1145 3342 1212 3408 VH.
1228 3344 1279 3408 10.
1293 3343 1325 3408 2.

313 3461 416 3546 Ξέρξη
444 3460 480 3524 δὲ
506 3463 559 3526 ἐπὶ
588 3459 644 3547 τὴν
664 3460 806 3528 Ἐλλάδα
833 3461 1002 3528 ἐλαύνοντι
1032 3463 1197 3527 Θεσσαλία
1224 3483 1256 3523 τε
1286 3458 1326 3522 δι’

312 3573 503 3643 Ἀλευαδῶν
538 3574 721 3662 προεδόθη,
754 3576 867 3662 Θήβας
895 3577 933 3642 δέ
960 3611 1004 3621 -
1032 3573 1255 3659 προδιδόασιν.
1284 3608 1327 3619 -

310 3690 350 3758 Χ.
374 3693 427 3758 26.
452 3695 482 3758 3.
511 3695 565 3756 καὶ
596 3688 767 3769 Ὀδυσσεύς
794 3698 827 3760 εί
854 3694 938 3759 ἐστιν
967 3689 1145 3766 ἐνδεδυκὼς
1174 3689 1328 3774 adeona,

311 3814 400 3884 Αἴας
427 3810 464 3874 δέ
491 3845 534 3854 -
561 3811 660 3899 βωμῷ
689 3815 910 3896 προσέστηκεν.
939 3808 979 3875 Χ.
1002 3810 1055 3874 20.
1073 3808 1104 3874 5.
1136 3805 1269 3893 τριήρεες
1296 3831 1329 3872 τε

312 3923 348 3988 αἱ
376 3923 515 4007 πλοίιμοι
548 3927 671 4004 πᾶσαι,
705 3925 907 3993 πεντακόσιοι
933 3926 971 3991 δέ
987 3973 996 3990 .
1013 3972 1047 3990 ..
1079 3921 1149 3989 Huc
1176 3921 1329 3988 accedunt
