3080 4652
776 328 819 393 22

296 526 314 570 e
337 509 422 570 oerto
445 505 671 570 sententiarum
695 505 804 570 ordino
827 500 976 570 avoedtuo
1001 510 1033 570 et
1055 505 1087 570 in
1105 505 1200 590 Copis
1224 512 1306 570 oete-

292 623 400 704 risque
438 621 562 706 oppidis
597 619 708 685 vioinis
743 621 949 706 depingendis
988 627 1128 687 moratus
1168 621 1304 704 priorem

294 738 522 803 enuntiationis
551 742 672 823 partem
704 738 722 802 ὅ
750 763 783 802 ιε
813 737 1016 822 ποταμός..
1047 737 1141 823 plene
1169 737 1308 820 neglegit

295 853 388 920 etad
412 853 499 919 urbis
523 853 701 919 Thebanum
735 853 993 938 descriptionem,
1029 854 1112 919 unde
1148 854 1306 938 profectus

294 976 351 1051 est,
376 969 458 1034 redit
480 989 582 1053 neque
605 971 693 1054 prius
718 969 803 1034 loeus
820 969 968 1054 Copaidio
991 971 1106 1035 iterum
1126 970 1204 1034 feeit
1218 989 1306 1035 men-

294 1085 422 1168 tionem,
452 1105 545 1168 quam
574 1085 689 1150 oirouio
713 1085 849 1169 quodem
876 1085 1002 1150 urbium
1030 1085 1305 1151 deseribendanum

296 1201 436 1265 oonseeto
461 1201 638 1286 proximam
662 1202 771 1268 urbem
797 1202 836 1266 od
859 1201 962 1267 laeum
979 1202 1173 1267 adiacentem
1190 1201 1307 1267 Orcho-

297 1336 422 1381 menum
459 1324 699 1400 commemonot‚
734 1316 788 1382 IX.
806 1320 859 1384 38.
877 1321 912 1401 6,
947 1318 1002 1383 ubi
1036 1318 1140 1383 fontes
1175 1316 1307 1382 Molonis

297 1440 370 1497 sunt
391 1432 498 1517 fluvii,
527 1435 580 1516 qui
610 1435 732 1519 etipse
755 1434 858 1499 influit
884 1435 916 1498 in
941 1434 1156 1521 Cephisidem3
1190 1442 1222 1499 et
1248 1435 1307 1499 sibi

296 1550 438 1616 conscius
473 1550 511 1615 de
535 1549 669 1634 Cephiso
705 1571 738 1614 se
771 1551 836 1614 iam
868 1551 1007 1616 loentum
1044 1571 1111 1616 esse
1135 1550 1308 1616 Pausanias

296 1667 412 1750 pengiit
436 1670 490 1731 καὶ
512 1663 530 1732 δ
553 1669 669 1742 Μέλας
691 1669 724 1742 ἐς
747 1670 861 1754 λίμνην
883 1671 938 1733 καὶ
961 1664 1051 1744 οὗτος
1074 1667 1130 1753 τὴν
1146 1669 1308 1754 Κηφισίδα

296 1783 479 1859 ἐκδίδωσιν,
515 1802 595 1866 quae
619 1783 715 1848 verba
738 1787 792 1848 καὶ
815 1780 906 1859 οὗτος
934 1804 1029 1848 sensu
1052 1789 1210 1866 carerent,
1246 1783 1308 1847 nisi

296 1900 334 1963 ad
359 1898 436 1964 illud
461 1901 479 1963 ὅ
501 1925 534 1964 τε
556 1898 702 1983 ποταμός
724 1897 742 1965 δ
767 1902 909 1986 Κηφισὸς
929 1901 1098 1966 ἐκδίδωσιν
1119 1906 1308 1984 spectarent,

294 2015 483 2101 ¹praesentim
512 2035 582 2080 eum
609 2014 783 2081 Pausanias
811 2017 918 2081 statim
949 2017 988 2082 de
1016 2014 1154 2100 Cephiso
1181 2015 1310 2082 flumine

297 2135 411 2198 iterum
440 2138 514 2213 agat
542 2131 637 2214 idque
666 2131 772 2214 addat,
807 2132 890 2216 quod
924 2133 987 2197 iam
1023 2133 1128 2217 priore
1161 2132 1231 2197 looo
1255 2131 1308 2200 IX.

299 2250 398 2315 241.
423 2248 538 2313 addere
561 2249 674 2333 potuit.

363 2364 473 2447 Neque
508 2364 599 2430 aliter
632 2385 682 2430 nes
717 2384 751 2428 se
780 2363 884 2447 habet,
921 2365 948 2428 si
982 2365 1069 2430 loeus
1104 2370 1153 2431 est
1179 2367 1309 2446 integer,

299 2479 379 2546 VIII.
396 2483 456 2546 42.
474 2483 504 2546 7.
533 2483 585 2567 ιῆς
614 2479 763 2555 Πτόλεως
790 2481 826 2545 δὲ
856 2479 936 2564 μετὰ
965 2483 1112 2557 σταδίους
1140 2481 1311 2567 τριάκοντα

297 2596 405 2683 κώμης
434 2624 467 2662 τε
496 2599 620 2683 ἐρείπια
644 2600 840 2680 καλουμένης
864 2599 1017 2680 Μαιρᾶς,
1040 2600 1071 2690 εί
1092 2597 1131 2683 δή
1148 2646 1155 2663 .
1174 2645 1207 2662 ..
1231 2595 1309 2662 Cum

297 2714 375 2779 nihii
399 2712 573 2799 particulae
596 2719 629 2778 αί
651 2712 856 2798 respondeat,
885 2711 1068 2778 Siebelisius
1092 2719 1123 2778 et
1144 2712 1218 2780 SW
1242 2733 1310 2778 eom

299 2831 421 2913 delent,
457 2850 551 2915 quum
587 2827 780 2894 Sohubartus
815 2830 847 2893 in
878 2828 1185 2894 roe.ed.1·estituit.
1244 2828 1312 2894 Hoo

302 2966 424 3031 quoque
447 2945 515 3010 looo
543 2943 699 3029 particula
721 2950 754 3009 τέ
777 2965 816 3009 ox
845 2943 1045 3010 anacoluthia
1079 2944 1213 3029 quadem
1243 2952 1312 3010 orte

299 3061 439 3149 putanda
462 3067 521 3143 est,
543 3080 614 3126 oum
638 3059 812 3125 Pausanias
836 3067 995 3126 structure
1018 3067 1140 3126 mutata
1162 3081 1223 3126 non
1241 3082 1310 3146 per-

300 3185 355 3262 gat
384 3181 439 3243 καλ
467 3178 614 3243 ἐνταῦθα
641 3178 768 3257 λέγουσι
797 3174 935 3262 Μαιρὰν
961 3181 1106 3264 ταφῆναι
1141 3177 1197 3242 sed
1232 3177 1312 3240 huno

301 3295 488 3360 sententiam
505 3293 554 3358 his
571 3293 674 3359 verbis
691 3289 852 3358 adnectat:
876 3297 905 3358 oi
920 3291 959 3379 δὴ
974 3294 1123 3360 ἐνταῦθα
1139 3329 1179 3338 -
1198 3293 1312 3379 ἐτάφη.

300 3409 361 3477 Sed
392 3429 579 3496 quemquem
610 3409 684 3476 talis
713 3409 912 3476 anaooluthia
940 3430 1002 3475 non
1032 3411 1125 3495 plane
1153 3408 1312 3474 oPousa-

300 3527 371 3594 nine
395 3526 530 3593 diutione
553 3525 657 3592 aliena
680 3533 737 3608 est,
761 3531 867 3592 tamen
891 3546 954 3591 non
983 3527 1088 3591 minus
1113 3533 1186 3611 apte
1209 3525 1312 3590 locum

297 3635 480 3710 ioeuuooum
506 3661 573 3710 eene
597 3647 704 3730 putem
732 3641 824 3708 ieoile
853 3642 936 3708 onim
965 3642 1063 3708 verba
1085 3640 1237 3707 nonnulla
1260 3661 1313 3706 ve-

300 3759 357 3827 luti
394 3763 447 3828 ιιαλ
471 3757 488 3828 δ
512 3757 615 3847 ια’φας
644 3760 695 3844 τῆς
723 3761 857 3844 Μαιρᾶς
880 3779 899 3824 u
927 3759 1055 3825 librario
1084 3764 1157 3843 post
1180 3758 1314 3843 Μαιρᾶς

300 3881 432 3965 possunt
459 3875 577 3942 omisso
604 3894 687 3958 eene,
717 3875 811 3942 otiam
843 3874 966 3941 fooilius
995 3894 1069 3941 vero
1098 3874 1255 3958 particula
1281 3878 1315 3937 τέ
