3080 4652
770 271 813 335 38

352 448 401 514 Da
430 468 488 513 usu
516 447 689 532 particulae
717 453 750 512 τέ
778 447 855 512 satis
884 446 1013 511 dictum.
1064 444 1237 530 Deinceps,
1266 452 1300 510 ut

288 573 357 630 evat
380 565 588 650 propositum,
612 563 651 628 de
674 584 733 630 usu
757 562 866 645 dativi,
891 562 945 647 qui
965 562 1092 646 quidem
1110 583 1128 627 a
1144 560 1300 626 Pausania

287 681 416 746 liberius
453 684 621 763 usurpatus
655 686 729 744 eta
762 679 839 744 viris
872 678 953 744 doct.
990 679 1024 743 in
1055 677 1298 762 disputationem

287 803 416 861 vocatus
440 803 498 878 est,
521 795 653 860 dicatur.

355 912 518 978 Siebelisio
542 913 595 996 qui
620 913 651 976 in
676 911 878 977 adnotatione
894 911 932 975 ud
956 909 1008 975 VI.
1026 911 1056 974 3.
1076 909 1298 975 2Pausaniam

288 1030 396 1094 crebro
436 1029 578 1093 dativum
613 1028 743 1110 genitivi
782 1027 850 1092 loco
890 1027 1033 1112 posuisse
1068 1025 1146 1091 dicit
1180 1032 1211 1092 et
1245 1025 1301 1090 hae

289 1145 411 1210 ratione
435 1144 521 1210 locos
545 1144 661 1209 multos
685 1151 716 1210 et
740 1142 882 1210 difficiles
907 1143 1054 1225 expedire
1084 1142 1205 1225 studet,
1236 1144 1300 1206 iure

290 1259 482 1326 Schubartus
507 1259 669 1326 oblocutus
693 1261 907 1326 confusionem
932 1260 1042 1324 horum
1068 1278 1198 1323 casuum
1222 1256 1301 1322 Pau·

291 1378 398 1442 sanias
422 1377 584 1461 propriam
608 1397 676 1442 esse
700 1373 836 1461 negat¹),
861 1396 931 1442 cum
957 1375 1035 1440 alios
1059 1375 1156 1457 locos,
1179 1375 1212 1438 in
1237 1375 1302 1458 qui·

292 1494 348 1558 bus
365 1492 489 1557 dativus
506 1492 614 1556 durius
631 1497 813 1577 uisurpatur,
836 1498 921 1558 rocta
937 1491 1173 1574 interpretando
1193 1489 1303 1575 probat

291 1609 368 1673 aiios
392 1608 510 1674 iudicat
532 1616 706 1693 corruptos.

359 1723 459 1800 Qunam
496 1723 662 1790 Schubarti
698 1725 850 1790 rationem
886 1723 1029 1807 sequenti
1065 1727 1096 1787 et
1133 1722 1236 1803 locos,
1272 1722 1302 1784 in

291 1838 404 1923 quibus
428 1839 552 1904 dativus
575 1840 705 1920 genitivi
728 1839 796 1904 loco
820 1840 943 1924 positus
973 1839 1205 1919 videturesse,
1234 1857 1302 1920 per-

183 2011 184 2014 ,
293 1953 433 2019 censenti
455 1955 517 2019 tria
541 1954 679 2018 locorum
704 1974 818 2036 genera
836 1954 911 2018 mihi
935 1958 1147 2035 occurrerunt,
1173 1971 1303 2036 quorum

293 2070 430 2155 primum
465 2076 497 2134 et
531 2070 664 2135 alterum
700 2091 763 2135 non
796 2071 843 2136 ita
873 2091 945 2135 raro
982 2071 1076 2135 etiam
1114 2070 1197 2154 apud
1227 2070 1304 2133 alios

294 2186 463 2270 scriptores
487 2206 615 2267 graecos
630 2187 797 2271 praecipue
813 2187 897 2270 apud
912 2185 1107 2251 Herodotum
1132 2191 1164 2250 et
1183 2185 1304 2270 Thucy·

295 2302 398 2367 didam
424 2303 635 2386 reperiuntur,
659 2305 713 2368 sed
737 2305 866 2368 tertium
890 2302 929 2368 ab
953 2303 1039 2368 omni
1063 2303 1215 2367 orationis
1245 2303 1305 2367 ele-

293 2418 401 2500 gantia
424 2424 456 2482 ct
478 2419 754 2497 grammaticorum
779 2417 901 2500 legibus
918 2418 995 2484 adeo
1020 2418 1167 2484 abhorret
1189 2427 1304 2486 ettam

293 2534 401 2619 paucis
437 2532 590 2618 exemplis
623 2533 708 2618 apud
731 2532 921 2599 Pausaniam
956 2536 1062 2620 ipsum
1096 2535 1236 2617 fulcitur,
1272 2542 1307 2599 ut

196 2673 199 2678 ¹
294 2649 351 2714 hos
375 2650 458 2714 locos
482 2656 646 2735 corruptos
668 2650 801 2715 iudicavi
824 2671 918 2734 quam
940 2650 1010 2731 lege
1026 2651 1081 2716 illa
1097 2645 1306 2733 monstruosa,

295 2784 357 2848 qua
379 2763 552 2830 Pausanias
575 2766 716 2830 dativum
734 2772 765 2831 et
787 2767 961 2848 genitivum
979 2769 1229 2850 commutaverit,
1254 2787 1307 2832 ex-

296 2881 406 2965 plicavi
431 2882 549 2946 malim.

362 2998 409 3060 Ao
432 2998 570 3081 primum
594 2997 720 3078 quidem
744 3017 842 3078 genus
867 3017 936 3062 eum
961 2997 1181 3083 complectitur
1204 3018 1307 3074 usum,

296 3131 357 3194 quo
386 3110 510 3176 dativus
545 3130 616 3176 cum
648 3111 742 3176 verbo
779 3113 1013 3194 coniungendas
1049 3134 1215 3199 personans
1245 3134 1306 3178 non

296 3234 360 3290 tam
387 3227 573 3312 participem
597 3226 691 3294 ullius
717 3229 761 3293 rei
785 3248 879 3312 quam
904 3250 967 3294 una
982 3236 1126 3310 agentem
1149 3231 1307 3315 producit;

297 3343 378 3406 sicut
401 3342 438 3406 V.
459 3345 507 3407 17.
527 3345 555 3408 8.
585 3340 782 3431 Ἀμφιαράῳ
812 3346 848 3410 δὲ
875 3343 893 3411 d
921 3347 981 3430 μὲν
1008 3349 1071 3412 τῶν
1100 3348 1212 3413 ποδῶν
1238 3348 1309 3412 ἐπι·

296 3464 428 3542 βέβηκεν
450 3458 509 3544 ἠ’δη
531 3462 587 3524 τοῦ
609 3461 764 3545 ἅρματος.
789 3461 889 3527 lua.
908 3464 959 3526 10.
984 3461 1019 3527 ad
1039 3463 1075 3528 dt
1091 3468 1199 3545 ἕτερον
1215 3468 1309 3546 κέρας

297 3588 362 3649 τοῖς
407 3579 599 3659 Μεσσηνίοις
644 3575 873 3661 ἐταλαιπώρεις
924 3578 1081 3658 genitivus
1134 3579 1183 3643 his
1233 3578 1309 3643 loeis

371 3819 389 3886 ¹)
409 3817 457 3874 cfr.
470 3818 626 3874 zeitschrift
643 3818 704 3874 suver
723 3821 966 3876 Alterthumswiss.
988 3822 1065 3877 1851.
