3080 4652
795 380 837 444 14

307 555 409 638 genda
432 555 650 640 interpositam
680 575 748 622 esse
777 555 861 640 apud
884 553 1073 620 Pausaniam
1102 556 1321 641 frequentissi-

308 691 395 736 mum
420 679 477 737 est.

373 785 483 872 Neque
510 786 602 852 aliter
628 786 667 852 de
696 787 789 852 tertio
813 785 897 868 loco,
926 784 966 851 X.
988 789 1041 852 38.
1063 787 1094 852 8.
1125 806 1187 870 quo
1217 788 1320 871 prImo

308 902 434 988 quidem
458 909 587 988 aspectu
610 902 717 968 omnia
739 901 835 986 plana
857 902 1014 985 videntur,
1038 901 1239 968 iudicandum
1261 908 1319 968 est.

306 1017 470 1084 EdiIIones
493 1018 596 1084 locum
619 1039 729 1084 omnes
749 1019 794 1084 sic
814 1019 979 1084 exhibent:
1003 1015 1172 1085 ἀναλῶσαι
1187 1017 1227 1084 cd
1242 1024 1320 1104 κρέα

307 1128 427 1201 αὐτόθι
453 1137 529 1218 πρὶν
554 1135 573 1219 ἢ
600 1133 691 1219 ἣλιον
723 1136 864 1217 ἐπισχεῖν
897 1135 1070 1218 νομίζουσι.
1122 1133 1319 1218 Quamquam

308 1269 381 1314 vero
407 1246 581 1314 Pausanias
607 1269 761 1333 nusquam
791 1248 879 1335 ἥλιος
905 1251 1011 1332 ἐπέχει
1038 1254 1184 1334 usurpat,
1213 1254 1320 1314 tamen

307 1364 382 1448 quia
404 1385 497 1450 saepe
516 1365 604 1450 apud
628 1384 699 1430 eum
723 1364 825 1451 ἡμέρα
849 1367 898 1430 vel
921 1365 1040 1446 ἑσπέρα
1064 1365 1114 1430 vol
1138 1363 1196 1444 νάξ
1214 1367 1320 1447 ἐπέχει

306 1479 431 1562 legilur‚
447 1480 584 1546 editores
598 1479 630 1544 in
647 1479 788 1545 hocloco
805 1500 868 1545 non
885 1479 1100 1561 offenderunt3
1124 1481 1199 1564 quin
1223 1481 1319 1546 etiam

308 1596 489 1666 Siebelisius
511 1597 677 1662 lectionem
702 1597 852 1662 defendit.
898 1598 942 1662 nt
970 1617 1073 1663 nonne
1102 1597 1211 1663 eodem
1238 1597 1318 1679 iure,

306 1713 380 1796 qula
411 1710 585 1777 Pausanias
616 1731 768 1797 persaepe
796 1710 935 1795 loquitur
964 1710 1202 1799 discedamus
1231 1718 1266 1776 ut
1296 1711 1318 1777 I.

306 1830 360 1892 42.
377 1831 408 1894 3.
433 1869 477 1880 -
499 1827 551 1892 IV.
572 1830 624 1893 18.
643 1831 673 1893 3.
697 1863 740 1872 -
765 1827 815 1892 VI.
840 1829 892 1893 24.
917 1831 945 1893 1.
970 1863 1014 1872 -
1038 1827 1121 1893 VIII.
1145 1830 1195 1894 16.
1222 1831 1250 1892 1.
1275 1863 1316 1873 -

306 1941 387 2008 VIII.
405 1945 458 2009 38.
475 1943 505 2008 I.
523 1963 595 2008 eum
611 1942 725 2008 alicubi
741 1942 879 2008 scribere
894 1944 1035 2028 potuisse
1049 1941 1164 2028 ἡμέρα,
1187 1943 1319 2027 irrepet,

305 2058 365 2137 νάξ
387 2056 508 2141 ἀνίσχει
530 2059 592 2124 dici
617 2058 740 2144 potest?
786 2057 847 2125 Sed
872 2060 932 2124 etsi
954 2058 1006 2124 hic
1029 2078 1254 2144 nonnunquam
1279 2060 1318 2124 ab

306 2174 442 2240 absurdo
477 2174 610 2258 quodam
641 2174 764 2240 dicendi
798 2195 913 2257 genere
945 2175 1108 2258 abhorret,
1143 2182 1248 2240 tamen
1278 2175 1318 2240 ad

306 2310 415 2357 omnes
438 2292 574 2376 ineptias
598 2311 668 2356 eum
695 2298 787 2375 putas
810 2291 960 2357 audacem
983 2290 1102 2356 fnisse?
1152 2290 1219 2374 Ego
1244 2311 1318 2356 vero

307 2407 364 2472 hoo
390 2407 459 2473 loco
491 2407 581 2494 ἥλιον
614 2409 755 2489 ἐπισχεῖν
788 2407 866 2471 villo
900 2405 1101 2472 librariorum
1136 2413 1214 2492 puto
1249 2427 1318 2472 esse

306 2527 450 2588 exortum
473 2530 505 2588 et
527 2524 617 2608 ἥλιον
639 2524 694 2588 ἔτι
716 2518 895 2604 ἀνίσχειν
925 2522 1109 2606 legendum,
1138 2543 1232 2607 quam
1256 2522 1318 2588 lee-

304 2638 421 2706 tionem
446 2637 608 2723 archetypi
631 2637 735 2703 scriba
756 2637 898 2703 confudit
925 2640 958 2702 ln
987 2657 1120 2721 ειισχειν
1148 2645 1179 2704 et
1210 2643 1317 2723 poste-

305 2757 370 2821 rior
397 2755 535 2821 correxit
561 2754 595 2818 in
627 2773 776 2836 ινιισχειν.
831 2753 917 2831 Quae
943 2755 1122 2820 coniectura
1151 2753 1241 2841 ἥλιον
1273 2755 1318 2819 ἔτι

305 2868 446 2954 ἀνίσχειν
479 2889 549 2936 esse
582 2870 810 2936 restituendum
848 2888 886 2936 eo
920 2870 1036 2936 certior
1070 2869 1147 2935 mihi
1181 2869 1317 2952 videtur,

306 2986 388 3071 quod
402 2986 469 3052 loeo
486 2984 646 3052 simillimo
662 2984 703 3068 X.
722 2991 772 3051 ll.
790 2987 811 3052 5
826 2984 1000 3052 Pausanias
1016 2986 1170 3072 loquitur:
1191 2987 1318 3052 ἔθυσαν

305 3101 423 3187 τράγον
446 3098 608 3184 ἀνίσχοντι
630 3102 674 3166 ἔτι
696 3103 740 3190 τῷ
763 3100 851 3187 ἡλίῳ.

372 3217 458 3284 Haec
503 3217 630 3302 quidem
681 3215 930 3302 corruptelarum
983 3216 1127 3283 socordia
1172 3216 1317 3283 librario·

305 3355 374 3400 rum
410 3341 504 3418 atque
538 3333 736 3417 neglegentia
771 3339 911 3398 ortarum
946 3333 1093 3419 exempla
1120 3333 1197 3398 mihi
1225 3353 1318 3417 prae-

306 3450 458 3517 mittenda
486 3470 555 3516 esse
582 3451 710 3536 putavi,
747 3449 831 3534 quod
862 3450 977 3516 menda
1004 3451 1142 3534 plurium
1175 3448 1317 3513 locorum

306 3587 379 3634 mox
421 3565 655 3632 tractandorum
694 3564 734 3631 ad
773 3565 907 3632 eundern
952 3567 1070 3631 fontem
1114 3568 1188 3629 sunt
1226 3583 1317 3629 revo-

305 3684 418 3763 canda;
441 3701 525 3748 nuno
545 3701 619 3748 vero
642 3682 681 3747 ad
705 3683 921 3766 quaestionem
945 3682 983 3746 de
1006 3701 1066 3746 ιιιιι
1090 3679 1264 3765 particulae
1284 3685 1318 3746 ιέ

305 3799 478 3865 redeamus.

371 3914 447 3981 Dixi
470 3934 566 4000 supra
587 3912 777 3980 Pausaniam
806 3920 839 3980 ιιί
868 3933 1023 3999 usurpare
1052 3913 1092 3979 ad
1119 3913 1215 3980 verba
1242 3913 1316 3978 sub-
