3080 4652
750 370 773 433 4

257 548 381 614 dissert.
401 546 543 629 Regiom.
563 547 658 612 1866.
688 547 806 632 optime
829 546 954 628 statuit,
985 544 1041 611 sed
1069 545 1268 630 quaestiones

257 663 410 750 speciales
439 664 478 728 de
506 664 573 729 eius
606 683 765 745 sermone,
800 682 882 746 quae
912 663 1122 748 proprietates
1152 662 1179 728 ei
1206 663 1269 745 ipsi

256 779 441 845 tribuendae
464 779 538 861 sint,
563 783 709 864 atquem
741 777 779 843 ad
804 775 896 842 finem
928 777 1073 862 exempla
1101 798 1140 841 ex
1167 777 1270 862 poetis

258 883 506 980 deprompserit,
536 894 724 980 deprompta
753 891 1008 978 amplificaverit,
1037 912 1117 976 quae
1147 891 1270 957 dicendi

258 1010 499 1077 consuetudines
522 1016 613 1075 tanta
637 1008 860 1093 aequabilitate
876 1016 970 1092 atque
987 1008 1165 1073 constantia
1180 1027 1270 1092 repo·

257 1135 379 1208 tantur,
413 1133 449 1190 ιιι
486 1126 631 1210 quamvis
667 1125 774 1189 omnia
805 1125 883 1189 artis
916 1130 1086 1208 praecepta
1116 1142 1270 1196 nonnum·

258 1261 351 1326 quam
375 1240 521 1323 illudant,
545 1247 651 1305 tamen
675 1239 890 1322 agnoscendae
907 1244 939 1304 et
954 1238 1126 1304 servandae
1154 1239 1216 1303 sint
1240 1242 1272 1301 et

258 1356 552 1441 interpretationem
583 1361 715 1440 poscant
742 1375 805 1420 non
835 1355 1101 1420 emendationem:
1130 1355 1269 1420 nondum

259 1474 336 1538 satis
360 1472 478 1538 multae
500 1472 663 1537 institutae
686 1491 755 1538 esse
778 1471 857 1536 mihi
880 1470 1036 1536 videntur.

327 1587 509 1655 Siebelisius
538 1587 664 1673 quidem
689 1588 721 1652 in
751 1587 1006 1653 adnotationibus
1034 1586 1073 1650 ad
1101 1586 1272 1652 editionem

259 1705 412 1770 maiorem
438 1724 502 1770 non
530 1704 639 1790 paucis
666 1703 744 1768 locis
772 1723 925 1786 magnam
947 1703 1087 1768 locorum
1120 1703 1274 1767 similium

259 1821 381 1905 copiam
422 1819 461 1885 ad
503 1797 652 1886 lectiones
696 1819 848 1903 quasdam
886 1817 1020 1884 tuendas
1063 1818 1196 1883 contulit
1241 1825 1274 1884 et

259 1937 469 2022 proprietates
499 1935 652 2000 sermonis
679 1934 855 2000 Pausaniae
887 1933 1003 1999 multas
1034 1936 1172 2014 graviter
1200 1953 1272 2019 pro·

260 2052 436 2135 nunciavit,
482 2051 535 2116 sed
576 2051 631 2136 qni
668 2071 707 2116 ex
739 2049 824 2115 locis
865 2049 904 2116 ab
941 2069 978 2115 eo
1017 2049 1140 2115 collatis
1177 2071 1274 2133 quac·

261 2168 394 2232 ationem
426 2167 465 2232 dc
485 2166 661 2232 Pausaniae
685 2186 829 2233 sermono
857 2166 1028 2252 perfectam
1058 2187 1128 2232 osse
1154 2165 1276 2248 colligit

261 2303 386 2366 vereor,
425 2303 465 2348 ne
498 2283 532 2347 in
576 2302 681 2349 errore
720 2302 783 2347 non
826 2282 947 2348 minore
980 2287 1137 2364 versetur,
1179 2301 1273 2366 quam

262 2401 314 2484 qui
338 2398 459 2482 legibus
482 2398 522 2464 ab
546 2418 581 2464 eo
609 2398 783 2464 observatis
814 2403 934 2464 temere
961 2399 1162 2464 assentiatur.
1211 2397 1276 2480 Sic,

264 2521 300 2580 ut
323 2514 502 2599 exemplum
526 2534 622 2579 unum
653 2512 796 2597 afferam,
824 2512 958 2579 Brausio
987 2513 1064 2595 (vid.
1088 2513 1275 2597 Freiberger

262 2629 664 2716 Schulprogramm1852)
694 2630 841 2696 assentiri
871 2649 934 2695 non
963 2649 1108 2715 possum,
1129 2631 1210 2715 qui,
1239 2639 1276 2696 ut

261 2746 362 2829 legem
397 2767 418 2812 a
454 2745 619 2812 Siebelisio
654 2746 693 2811 de
724 2766 785 2810 usu
819 2745 1045 2829 particularum
1092 2753 1146 2812 aut
1173 2783 1215 2794 -·-
1242 2753 1275 2812 st

262 2865 459 2928 observatam
482 2860 697 2946 labefactaret,
720 2881 787 2926 rem
803 2861 843 2927 ab
865 2860 920 2926 illo
937 2861 1083 2927 omnibus
1109 2863 1274 2947 exemplis,

263 2997 343 3064 quae
371 2976 456 3062 apud
482 2975 671 3044 Pausaniam
701 2978 932 3064 reperirentur,
960 2976 1176 3044 confirmatam
1206 2999 1279 3044 esse

263 3093 405 3158 coniecit.
546 3077 553 3089 ’

328 3208 413 3287 Quas
437 3210 636 3294 quaestiones
659 3209 698 3275 de
720 3209 897 3276 Pausaniae
920 3230 1064 3276 sermono
1084 3229 1273 3296 quamquam

262 3325 295 3390 in
319 3345 427 3391 omnes
451 3325 574 3392 dicendi
598 3326 808 3412 proprietates
832 3326 1039 3411 aequabiliter
1065 3326 1276 3394 instituendas

263 3460 331 3507 esse
355 3449 600 3507 consentaneum
622 3451 684 3525 est,
712 3447 748 3507 ut
774 3442 896 3508 indoles
925 3443 1089 3528 scriptoris
1119 3463 1193 3508 vera
1220 3463 1277 3508 ox-

263 3557 407 3642 quiratur
430 3562 462 3623 st
483 3556 608 3624 firmum
632 3558 884 3624 coniecturarum
911 3559 1151 3624 fundamentum
1179 3559 1276 3624 iacia-

262 3678 326 3756 tur,
356 3674 439 3757 quod
463 3693 527 3739 non
553 3674 657 3739 minus
685 3674 763 3739 milri
791 3676 830 3741 ad
858 3675 1072 3756 integritatem
1100 3672 1277 3739 Pausaniae

263 3789 490 3855 restituendam
525 3789 735 3857 necessarium
758 3791 884 3857 videtur
910 3810 1004 3874 quam
1036 3790 1198 3872 regionum
1224 3791 1278 3856 de·

263 3903 451 3988 scriptarum
479 3906 631 3990 cognitio,
661 3926 755 3991 quam
779 3905 907 3973 Curtius
931 3907 970 3972 ad
1005 3906 1089 3974 locos
1124 3907 1278 3994 quosdam
