3080 4652
882 306 922 370 18

397 483 499 543 nutem
525 479 711 564 particulam
737 482 881 546 aduncis
905 479 1093 566 saepiunt¹t
1141 481 1208 564 Ego
1233 502 1306 547 vero
1329 481 1418 545 nihii

396 595 580 660 mutandum
604 616 672 660 esse
696 603 788 681 put03
818 617 891 662 uam
914 597 1088 664 Pausanias
1112 599 1312 682 partitionem
1337 598 1416 680 qui-

396 709 465 774 dem
495 731 552 796 per
572 705 614 778 ὀί
635 737 667 777 τε
684 760 719 778 ..
748 713 887 797 inchoat,
915 733 973 778 nec
997 735 1071 779 vero
1094 715 1201 778 statim
1227 713 1343 798 pergit,
1377 721 1419 777 ut

395 827 499 911 potuit
522 847 578 910 per
601 832 655 892 aod
680 825 921 915 Ἀμφικτύονες,
946 829 999 894 sod
1024 831 1111 914 prins
1134 849 1192 915 per
1207 830 1418 915 parenthesin

396 947 450 1007 καὶ
485 941 657 1027 Ἡρόδοτος
685 951 746 1028 μέν
763 993 797 1010 ..
821 945 1102 1040 confirmationem·
1126 948 1299 1010 sententiae
1334 965 1417 1009 suae

261 1094 274 1118 x„
397 1059 558 1143 admiscet,
576 1081 670 1144 quam
688 1060 817 1126 alteram
836 1063 1016 1146 partitIonis
1038 1070 1162 1147 partem
1178 1057 1418 1147 Ἀμφικτύονες

397 1177 433 1240 δέ
455 1195 516 1240 non
546 1176 649 1241 minus
684 1177 782 1260 priori
807 1178 947 1243 membro
977 1188 1008 1243 οί
1030 1203 1062 1243 τε
1097 1198 1192 1262 quam
1227 1178 1415 1263 parenthesi

396 1292 458 1375 ipsi
482 1294 622 1376 opponit.
671 1291 791 1357 similis
815 1299 920 1358 autem
943 1293 1143 1359 anacoluthia
1159 1294 1296 1360 occurrit
1319 1294 1414 1358 nohis

396 1408 428 1471 in
452 1406 520 1473 loco
545 1406 625 1473 VIII.
651 1411 704 1474 36.
722 1411 753 1492 2,
777 1409 900 1492 dequo
924 1410 1008 1474 infra
1032 1410 1273 1494 disputabimus.

463 1523 571 1607 Neque
596 1524 688 1589 aliter
711 1524 912 1589 iudIoandnm
937 1545 1006 1590 esse
1029 1526 1107 1590 mihi
1132 1526 1256 1591 videtur
1279 1525 1414 1591 deloco
1537 1567 1538 1570 =

396 1640 435 1706 ab
459 1640 529 1704 aliis
559 1640 651 1705 aliter
679 1645 799 1706 tentato
829 1640 854 1707 I.
877 1643 931 1707 24.
954 1643 987 1720 73
1017 1642 1107 1706 codd.
1137 1641 1267 1707 habent:
1297 1644 1350 1706 καὶ
1379 1641 1414 1707 oi

396 1754 478 1820 saud
503 1762 633 1840 στέρνον
655 1754 675 1840 ἡ
698 1755 822 1841 κεφαλὴ
846 1755 1016 1841 Μεδούσης
1043 1757 1219 1844 ἐλέφαντός
1247 1760 1330 1824 ἐστιν
1352 1759 1414 1840 ἐμ-

396 1876 604 1956 πεποιημένη,
628 1875 682 1935 κοιί
705 1878 787 1956 Νίκη
809 1897 842 1936 τε
864 1871 942 1938 ὅσον
964 1871 1127 1956 τεσσάρων
1156 1877 1279 1958 πηχῶν·
1309 1876 1345 1938 ἐν
1374 1874 1413 1937 δὲ

396 1990 432 2078 τῇ
453 1989 534 2070 χειρὶ
557 1985 636 2070 δόρυ
659 1988 745 2069 ἔχει.
765 2035 800 2052 ..

463 2101 531 2180 Qua
557 2103 590 2167 in
616 2101 776 2168 Minervae
804 2103 965 2169 sImuIacri
1000 2105 1215 2191 descriptione
1248 2106 1306 2169 viri
1336 2104 1412 2170 doc-

396 2219 511 2282 tissimi
535 2219 602 2284 iure
625 2217 797 2302 offendunt,
821 2221 917 2304 quod,
941 2221 994 2286 uhi
1011 2227 1107 2306 caput
1122 2220 1283 2304 Medusae,
1309 2223 1409 2302 hasta,

397 2343 536 2417 scutum,
572 2335 665 2400 draco
694 2337 798 2421 posita
823 2337 958 2418 fuerint,
986 2338 1158 2421 indicetur,
1192 2338 1247 2403 ubi
1273 2337 1412 2403 Victoria

396 2471 459 2516 non
483 2452 569 2518 itam.
617 2451 679 2516 Sed
702 2452 869 2517 lectionem
892 2473 1047 2535 mancam,
1071 2455 1161 2519 onius
1177 2454 1412 2518 emendationes

396 2570 502 2633 varias
527 2567 722 2633 Schubartus
751 2569 782 2632 in
811 2569 909 2652 praef.
927 2569 974 2634 ed.
998 2590 1061 2634 reo.
1086 2570 1235 2653 contulit,
1262 2545 1412 2635 facillime

396 2686 615 2765 resaroIemns‚
640 2685 667 2748 si
692 2684 788 2749 verba
810 2688 865 2750 καὶ
886 2692 967 2771 Νίκη
995 2711 1028 2751 τε
1056 2687 1096 2750 ad
1125 2687 1289 2769 sequentia
1316 2689 1352 2750 ἐν
1374 2687 1412 2751 δὲ

396 2805 432 2893 τῇ
450 2849 481 2866 ..
507 2801 570 2883 ἔχἐι
593 2802 754 2885 pertinere
777 2807 966 2881 statuemus,
996 2803 1042 2866 ita
1068 2802 1344 2884 utcorrigendum
1369 2803 1412 2864 sIt

396 2921 451 2981 καὶ
473 2923 574 3002 Νίκην
596 2942 629 2981 τε
652 2924 684 2981 ot
706 2917 882 3001 particulae
904 2924 991 2981 τέ-
1005 2919 1042 2982 δέ
1065 2938 1098 2983 se
1122 2919 1292 3003 excipiant,
1317 2937 1409 3000 quam

397 3031 609 3097 coniecturam
634 3029 712 3095 SW
735 3033 799 3095 iam
827 3033 1136 3099 commendaverunt.
1189 3031 1224 3097 In
1253 3033 1411 3116 sequenti-

399 3147 457 3212 bns
481 3153 587 3213 autem
612 3147 727 3228 verbis,
752 3146 867 3230 quade
884 3148 995 3212 roviri
1019 3147 1101 3212 doct.
1118 3149 1330 3228 consentiunt,
1353 3147 1411 3210 de-

398 3270 446 3328 est
476 3270 531 3328 aut
557 3263 649 3347 ἑτέρᾳ
673 3269 728 3328 aut
751 3268 786 3356 τῇ
808 3263 918 3348 ἑτέρᾳ,
954 3284 1047 3347 quam
1072 3266 1222 3347 obrem,
1250 3271 1286 3329 nt
1307 3264 1410 3330 locum

398 3379 437 3444 ad
461 3377 636 3444 Pausaniae
660 3379 828 3445 dictionem
853 3380 1012 3465 adaptem,
1037 3381 1082 3447 sio
1097 3381 1326 3446 restituendum
1344 3399 1411 3444 esse

399 3502 489 3580 puto:
519 3501 573 3560 καὶ
601 3503 722 3581 Νίκην
751 3522 789 3561 τε
817 3496 893 3562 ὅσον
921 3495 1084 3581 τεσσάρων
1107 3500 1229 3583 πηχῶν,
1259 3499 1295 3562 ἐν
1318 3497 1354 3561 δὲ
1376 3499 1412 3586 τῇ

471 3763 490 3822 ¹)
510 3757 680 3814 Schubartus
705 3760 733 3814 in
756 3759 800 3814 ed.
818 3775 872 3815 reo.
896 3762 1062 3816 sententiam
1089 3776 1166 3814 suam
1197 3761 1275 3814 uncis
1301 3759 1410 3814 omIssis

397 3857 565 3912 rohnotavit.
