3080 4652
724 313 766 377 23

237 499 386 575 corrupta
409 512 477 557 esse
501 497 606 576 potest
634 510 673 556 ex
702 491 747 556 ἔτι
770 484 846 574 (ai),
874 487 957 571 quod
987 490 1032 554 ἔτι
1055 491 1179 573 ἐρείπια
1203 487 1251 554 veI

237 611 361 692 ἐρείπια
395 609 439 673 ἔτι
475 607 649 673 sexcenties
686 605 769 690 apud
804 603 994 670 Pausaniam
1031 605 1146 686 legitur
1180 604 1251 670 ofr.=

237 722 317 787 VIII.
338 725 389 789 12.
406 727 436 789 7.
460 765 503 774 -
527 722 582 788 IX.
600 725 631 787 2.
651 727 679 802 1,
708 724 807 803 11.1,
835 722 922 786 rau
948 731 1006 786 ato.

304 839 375 904 Alio
399 839 467 904 loco
491 838 573 904 VIII.
592 841 683 904 36.2
707 838 761 903 uhi
784 837 899 918 legitur
927 838 991 902 ἔστι
1014 837 1051 902 δὲ
1073 838 1110 902 ἒν
1132 841 1252 902 Μεδυ-

237 955 314 1039 δρίῳ
344 953 548 1030 Ποσειδῶνός
576 980 608 1019 τε
641 953 765 1021 Ἱππίου
794 951 888 1028 ναός·
921 949 1012 1028 οὗτος
1043 955 1104 1038 μὲν
1132 956 1186 1018 ἐπὶ
1208 956 1251 1041 τῷ

237 1070 408 1137 Μυλάοντί
429 1073 511 1136 ἐστι·
536 1070 571 1136 τὸ
594 1072 631 1136 δὲ
655 1071 729 1156 ὐρος
744 1069 778 1134 τὸ
801 1070 995 1152 Θαυμάσιον
1020 1070 1164 1153 equidem
1190 1089 1253 1139 non

237 1206 308 1250 curn
334 1185 497 1252 SIebeIisio
522 1193 553 1251 et
577 1185 660 1252 SW.
687 1192 817 1271 propter·
839 1184 1027 1270 particulam
1052 1192 1085 1250 τέ
1106 1185 1251 1250 lacunam

238 1301 395 1387 suspicor,
428 1303 482 1368 sed
515 1302 684 1368 dictionem
719 1322 817 1384 aequa
849 1307 1023 1366 tortuosam
1060 1310 1154 1384 atqua
1182 1300 1254 1365 aliis

237 1419 313 1483 Iocis
343 1419 499 1485 existimo.
552 1418 655 1484 Verba
685 1419 768 1484 enim
798 1419 964 1500 sequentia
991 1413 1083 1492 οὗτος
1111 1422 1171 1501 μέν
1195 1424 1252 1482 etc.

237 1554 308 1598 cum
333 1535 450 1599 arctius
486 1553 556 1598 cum
588 1533 848 1618 praecedentibus
870 1533 1053 1615 cohaerent,
1089 1553 1184 1616 quam
1218 1539 1254 1598 ut

239 1650 336 1714 verba
363 1651 516 1733 quaedam
546 1651 774 1716 intercedentis
797 1649 1035 1730 desiderentur,
1062 1654 1129 1713 tum
1157 1650 1254 1714 verba

238 1764 293 1846 §3
324 1767 388 1831 ἔστι
418 1767 454 1830 δὲ
483 1765 564 1851 πρὸς
592 1768 628 1857 τῇ
656 1767 779 1858 κορυφῇ
807 1767 863 1830 τοῦ
891 1765 985 1848 ὅρους
1014 1763 1174 1849 σπήλαιον
1201 1769 1254 1852 τῆς

241 1880 331 1956 Ῥέας
352 1881 412 1947 hoc
434 1882 503 1946 Ioco
527 1883 637 1966 inepta
660 1889 776 1963 essent,
804 1882 832 1946 si
856 1881 1005 1966 spelunca
1028 1881 1133 1946 Rheae
1157 1901 1255 1965 supra

238 2003 483 2062 commemorata
507 2003 598 2063 esset.
637 1996 709 2062 ‘Sed
725 1996 897 2062 Pausanias
923 2017 961 2062 ex
978 1997 1158 2082 parenthesi
1183 1997 1254 2082 ipsa

239 2113 280 2176 ad
304 2113 436 2178 alteram
462 2113 641 2198 partitionis
664 2117 787 2196 partem
812 2114 941 2194 transit,
971 2133 1065 2196 quam
1095 2133 1157 2178 non
1182 2133 1253 2198 per:

239 2232 293 2292 καὶ
322 2230 357 2294 ἐν
380 2231 423 2317 τῷ
452 2228 519 2311 ὄρει
542 2230 584 2315 τῷ
614 2231 795 2311 Θαυμασίῳ
826 2227 983 2313 σπήλαιον
1011 2231 1063 2312 τῆς
1089 2227 1191 2305 Ῥέας,
1219 2235 1255 2293 ut

241 2343 359 2426 dehuIt,
383 2344 531 2425 adnectit,
556 2343 611 2408 sed
635 2363 692 2428 per
720 2344 757 2408 δέ
784 2343 896 2409 ordine
930 2345 1157 2408 sententiarum
1185 2364 1254 2408 mu·

240 2464 307 2524 tato
332 2460 512 2543 parenthesi
535 2459 701 2524 immiscet.

306 2576 363 2641 Cui
386 2575 454 2641 ioco
478 2574 657 2640 simillimus
681 2580 729 2640 est
752 2574 832 2640 alter
848 2574 888 2640 X.
908 2577 936 2639 7.
954 2574 985 2640 5.
1010 2577 1064 2640 καὶ
1088 2571 1255 2660 αὐλῳδίαν

238 2718 271 2758 τε
293 2695 482 2769 κατέλυσαν,
506 2690 717 2770 καταγνόντες
740 2686 798 2757 οὐκ
820 2695 905 2756 εἶναι
927 2691 962 2756 τὸ
987 2691 1133 2775 ἄκουσμα
1156 2691 1255 2777 εὐφη-

238 2824 314 2892 μον·
343 2807 362 2893 ᾗ
391 2808 455 2891 γὰρ
479 2805 705 2895 αὐλῳδία...
729 2805 912 2872 Dindorfius
935 2811 970 2871 τέ
992 2812 1095 2872 mutat
1117 2807 1150 2872 in
1173 2806 1255 2884 τότε,

240 2943 310 2989 oum
353 2923 431 2988 nihil
468 2924 654 3008 particulam
695 2929 728 2988 τέ
766 2923 912 3008 excipere
950 2922 1102 2988 videatur.
1150 2925 1194 2988 At
1228 2925 1255 2989 si

240 3038 323 3104 uIIus
350 3038 452 3122 Iocus,
482 3046 566 3105 certo
599 3039 649 3104 hic
677 3040 709 3103 in
734 3038 911 3104 Pausaniae
940 3039 1197 3105 consuetudinem
1225 3046 1261 3105 et

239 3157 463 3241 proprietatem
499 3156 591 3221 cadit.
634 3155 808 3222 Pausanias
843 3156 927 3222 enim
962 3175 1032 3222 cum
1065 3156 1123 3221 hoo
1156 3176 1254 3221 mem-

240 3273 328 3338 brum
365 3273 610 3339 enumerationis
645 3269 812 3362 αὐλῳδίαν
847 3298 880 3337 τε
913 3271 1079 3354 scriberet,
1113 3273 1177 3336 iam
1209 3271 1256 3337 al-

189 3447 195 3454 .
239 3394 342 3454 terum
372 3391 405 3454 In
436 3390 541 3454 animo
571 3388 694 3471 habuit,
729 3407 830 3471 neque
863 3407 938 3452 vero
968 3389 1074 3453 statim
1105 3388 1257 3454 adnexuit

240 3504 289 3570 vel
312 3506 472 3590 opposuit,
495 3505 551 3572 sed
574 3511 668 3571 antea
682 3504 778 3569 latius
801 3510 833 3570 et
853 3503 956 3568 fusius
980 3523 1036 3569 cur
1052 3503 1254 3569 auloedorum

241 3641 292 3685 urs
316 3621 355 3685 ad
379 3621 470 3686 Indos
494 3620 631 3707 amplius
655 3641 717 3686 non
743 3621 882 3687 admissa
898 3626 982 3686 osset
997 3619 1159 3698 disseruit3
1184 3625 1257 3703 post

241 3737 468 3818 dIgressiouem
493 3743 596 3832 autam
620 3736 688 3821 §a
712 3737 850 3822 priorem
875 3743 998 3822 partem
1032 3735 1183 3799 orationis
1207 3733 1255 3799 his

242 3853 345 3919 verbis
368 3856 553 3941 resumpsit:
577 3854 660 3920 κατὰ
683 3858 774 3921 τοῦτο
796 3855 856 3938 μὲν
872 3855 925 3938 τῆς
941 3848 1103 3940 αὐλῳδίας
1123 3848 1256 3936 ἐπαύθη
