3080 4652
706 406 743 468 ll

217 600 325 646 eorum
348 580 409 646 loci
432 579 620 646 emendandi
645 582 809 646 assentior.
857 579 1067 646 Ruttmannus
1090 582 1174 647 enim
1194 589 1234 648 ct

217 698 387 773 παίζουσαι
409 699 551 782 συνῆσαν
580 692 659 789 αιἰτῇ
685 695 735 760 vel
763 705 802 763 al
827 699 998 774 παίζουσαι
1024 694 1230 782 ἢκολούθουν

218 809 297 904 αὐτῇ
319 813 463 894 coniecit,
490 811 673 878 Dindcrfius
696 818 801 878 autem
827 820 859 879 et
883 812 1075 879 Schubartus
1099 812 1228 879 verbum

217 925 412 996 ἀκολουθῶν
434 927 535 993 solum
559 933 799 1012 expunxerunt,
828 949 891 1012 qna
917 934 1097 995 correctura
1119 948 1229 994 sensns

217 1050 249 1108 et
272 1046 461 1110 constructio
485 1043 704 1127 negleguntur,
729 1045 803 1127 quia
826 1044 904 1110 nihil
929 1053 976 1110 est
998 1045 1082 1110 unde
1105 1044 1229 1110 dativus

217 1160 269 1235 αἷς
292 1159 341 1224 vel
365 1155 444 1253 αὐτῇ
466 1161 611 1245 pendeat.
642 1158 721 1225 Mihi
746 1159 871 1244 quidem
896 1180 957 1225 non
981 1162 1085 1225 minus
1099 1161 1229 1225 verbum

217 1273 412 1342 ἀκολουθῶν
441 1283 621 1360 suspectum
649 1283 713 1358 est,
747 1276 802 1340 sed
830 1277 1022 1361 simpliciore
1056 1276 1230 1341 mutatione

217 1409 312 1474 qnam
337 1411 417 1476 quae
439 1390 633 1458 Buttmanno
657 1391 793 1476 placuit,
824 1412 930 1457 veram
961 1397 1037 1477 puto
1064 1390 1229 1457 lectionem

218 1507 341 1572 restitui
365 1527 467 1593 posse,
491 1507 518 1572 si
542 1507 712 1573 scribatur:
737 1509 788 1584 αἷς
811 1511 1002 1584 παίζουσα
1029 1509 1127 1593 συνῆν
1150 1504 1231 1589 abad

217 1619 274 1706 (sc.
296 1621 469 1706 Ἄρτεμις).
517 1620 646 1707 Syllaba
669 1644 711 1688 σα
735 1630 808 1690 ante
831 1642 889 1690 συν
912 1657 956 1667 -
979 1622 1101 1687 scribae
1125 1621 1230 1702 negle-

217 1739 325 1819 gentia
347 1738 520 1820 exciderat,
548 1737 706 1823 posterior
722 1744 825 1804 autem
843 1737 947 1802 scriba
961 1737 1101 1802 correxit
1116 1739 1231 1814 παίζου

217 1854 250 1946 in
275 1855 412 1935 παίζωνς
436 1855 639 1939 participium
664 1874 738 1919 vero
763 1851 970 1931 ἀκολουθῶν,
994 1853 1076 1938 (μού
1100 1853 1132 1918 in
1154 1873 1231 1937 pau·

217 1969 263 2033 cis
292 1968 381 2034 codd.
405 1989 463 2035 nec
492 1970 531 2035 iis
564 1971 692 2055 optimis
728 1975 791 2053 est,
826 1969 1076 2034 additamentum
1110 1968 1231 2033 librarii

219 2084 381 2150 cuiusdam
406 2086 516 2150 estad
541 2086 682 2151 dativum
707 2081 787 2178 αὐτῇ
808 2084 1065 2166 intellegendum.
1144 2067 1147 2072 ¹

284 2199 425 2266 Eandem
455 2201 577 2267 librarii
605 2201 834 2283 neglegentiam
864 2199 1125 2285 deprehendimus
1149 2198 1245 2264 vul..

221 2318 271 2383 15.
289 2319 320 2400 6,
344 2317 397 2383 ubi
421 2317 509 2383 codd.
534 2317 701 2403 praebent:
725 2316 926 2394 Χαλκώδων,
950 2317 987 2383 ὃν
1009 2315 1164 2400 πρότερον
1187 2316 1232 2380 ἔτι

218 2429 402 2500 ἀπέκτεινεν
430 2431 650 2520 Ἀμφιτρύων,
677 2437 732 2499 καὶ
759 2446 965 2519 μαρτυρεῖται
993 2435 1048 2498 καὶ
1073 2430 1231 2499 πιστεύειν

218 2548 297 2628 ἄξιοί
319 2552 404 2616 ἐστιν
426 2553 461 2617 ἓν
476 2549 612 2637 Θήβαις.
659 2549 737 2616 Cum
762 2549 849 2615 nulla
870 2551 954 2615 inter
977 2549 1034 2614 has
1057 2549 1231 2613 sententias

220 2673 303 2730 essct
336 2666 510 2750 copulatio,
545 2665 671 2732 Bekkcr
706 2669 737 2730 in
773 2686 866 2731 unam
897 2684 950 2730 eas
984 2664 1142 2729 contraxit
1170 2663 1230 2726 sic:

219 2779 407 2848 ἀποκτεῖναι
422 2777 652 2868 Ἀμφιτρύωνα
668 2787 723 2847 καί
738 2829 746 2846 .
761 2830 769 2846 .
787 2829 795 2846 .
812 2786 844 2846 ct
860 2776 1136 2860 sobab-walaiae,
1160 2797 1230 2842 cum

220 2897 324 2962 minus
358 2902 431 2981 apte
471 2897 663 2961 conicerent:
703 2893 891 2962 ducenorum
930 2891 1141 2979 Ἀμφιτρύων
1178 2895 1233 2958 καὶ

219 3025 426 3096 μαρτυρεῖται
448 3060 457 3077 .
478 3060 516 3077 ..
547 3032 626 3095 quae
660 3012 853 3098 constructio
889 3009 977 3076 verbi
1010 3011 1233 3095 papaupc‘eipar

219 3147 290 3193 cum
314 3127 468 3194 infinitivo
492 3129 596 3194 nescio
620 3148 694 3192 num
719 3128 846 3212 probari
871 3127 981 3211 possit.
1027 3124 1142 3190 Melius
1157 3143 1231 3189 vero

219 3245 258 3308 ad
287 3242 462 3310 Pausaniae
494 3244 662 3309 dictionem
693 3263 764 3309 mea
795 3243 943 3327 opinione
972 3241 1129 3306 sententia
1158 3258 1232 3305 con·

219 3359 423 3443 formabitur,
452 3361 479 3425 si
511 3360 701 3444 particulam
727 3357 792 3441 γύρ
823 3362 895 3421 ante
918 3368 1124 3441 μαρτυρεῖται
1147 3356 1232 3421 exci-

219 3475 303 3540 disse
332 3482 523 3558 statuemus,
559 3476 605 3539 ita
633 3479 668 3539 nt
697 3475 743 3540 sio
769 3473 905 3555 legatur:
939 3472 977 3538 ὃν
1005 3470 1160 3557 πρότερον
1188 3472 1232 3536 ἔτι

220 3589 405 3658 ἀπέκτεινεν
428 3588 655 3678 Ἀμφιτρύων,
683 3590 832 3675 καὶγὰρ
854 3601 1062 3674 μαρτυρεῖται
1082 3589 1138 3651 καὶ
1159 3606 1233 3652 πισ-

218 3705 320 3773 τεύειν
343 3706 421 3786 ἄξιύ
442 3709 540 3785 ἔστιν,
563 3709 598 3774 ἐν
621 3707 758 3793 Θήβαις.
804 3705 885 3783 Quid
902 3706 985 3770 enim
1013 3703 1121 3769 tritius
1148 3701 1231 3786 apud

219 3822 410 3889 Pausaniam
440 3829 488 3889 est
516 3842 609 3907 quam
639 3822 859 3907 parenthesis?
893 3821 949 3887 cir.
978 3819 1081 3884 locum
1109 3817 1232 3882 similli-

219 3959 305 4004 mum
341 3938 364 4004 l.
387 3941 440 4004 31.
464 3939 494 4003 3.
562 3936 716 4016 Ξούθου,
750 3941 804 4002 καὶ
835 3935 899 4021 γὰρ
922 3975 965 3986 --
990 3933 1090 4024 ᾤκησε
1111 3969 1155 3978 -
1178 3938 1232 3999 καὶ
