3080 4652
791 327 836 390 40

374 502 476 588 Saepe
501 511 605 568 autem
629 502 667 567 ad
693 503 833 568 dativum
862 502 987 568 dativus
1016 504 1236 588 epexegetiuus
1266 504 1322 568 ad·

308 619 391 685 ditus
416 627 464 686 est
488 627 522 684 ut
545 618 597 685 VI.
618 625 646 685 1.
667 622 694 684 1.
721 626 830 686 ἕπεται
853 621 890 685 δέ
911 644 967 704 μοι
990 622 1032 707 τῷ
1056 618 1153 703 λόγῳ.
1176 618 1200 684 Ι.
1219 623 1271 686 37.
1290 621 1327 698 2.v

306 749 462 819 μαρτυρεῖ
486 738 524 802 δέ
548 761 605 819 μοι
632 739 673 824 τῷ
703 733 799 823 λόγῳ.
833 735 886 800 ΙΙΙ.
908 738 961 802 26.
984 737 1013 801 9.
1048 738 1201 802 ἐπίκειται
1231 737 1267 801 δέ
1289 735 1321 801 οἳ

307 854 342 943 τῇ
359 853 488 943 Ικεφαλῇ
511 857 680 938 στέφανος.
703 849 743 915 X.
760 854 810 917 13.
818 851 850 915 5.
875 849 892 916 ὃ
912 850 1094 936 Πάτροκλος
1110 857 1324 936 συμπαραθετ

307 967 338 1034 οἳ
361 971 403 1056 τῷ
427 976 527 1055 ἵππῳ.
558 966 628 1032 Huu
643 968 739 1032 etiarn
755 968 779 1031 ii
794 967 853 1032 loci
878 968 1034 1033 referendi
1050 973 1135 1050 sunt,
1158 967 1321 1051 inquibus

307 1083 439 1149 duorum
463 1083 640 1148 dativorum
657 1085 819 1149 concursio
836 1084 943 1149 durior
962 1085 1101 1150 videtur:
1131 1083 1213 1148 vlu.
1225 1084 1320 1149 446.

306 1202 417 1278 ἔθυσε,
439 1200 533 1265 καθὰ
556 1199 644 1266 καὶὸ
661 1198 764 1284 πατήρ
781 1200 812 1266 οἱ
828 1203 870 1288 τῷ
885 1207 1018 1286 Λυκαίῳ
1041 1206 1104 1266 Διί.
1122 1199 1204 1264 -·Ι.
1225 1201 1275 1264 17.
1289 1200 1319 1264 2.

307 1324 476 1402 πεποίηται
503 1318 540 1382 δέ
568 1335 677 1403 σφισιν
706 1316 723 1383 ὃ
752 1316 891 1401 πόλεμος
924 1313 1016 1393 οὗτος
1046 1321 1101 1382 καὶ
1128 1319 1163 1407 τῇ
1189 1313 1322 1402 Ἀθηνᾷ

305 1435 359 1499 ἐπὶ
386 1435 422 1526 τῇ
449 1429 562 1498 ἀσπίδι
584 1436 688 1498 καὶ..
719 1432 785 1497 VH.
803 1434 855 1499 24.
876 1438 903 1498 1.
933 1437 1079 1514 Αἰγιεῦσι
1106 1434 1142 1498 δὲ
1170 1437 1234 1498 ἔστι
1261 1434 1321 1515 μὲν

306 1547 396 1633 πρὸς·
410 1552 445 1641 τῇ
468 1545 573 1632 ἀγορᾷ
595 1545 674 1624 ναὸς
696 1545 876 1618 Ἀπόλλωνι
899 1553 953 1614 καὶ
983 1551 1150 1633 Αρτέμιδι,
1174 1549 1224 1613 tui
1252 1548 1320 1613 ioco

306 1665 485 1731 simillimus
509 1664 602 1730 alter:
626 1663 666 1730 X.
684 1668 737 1733 36.
754 1669 784 1732 8.
807 1666 872 1731 ἔστι
894 1667 932 1731 δέ
954 1686 1063 1752 σφισιν
1085 1668 1139 1732 ἐπὶ
1159 1667 1202 1753 τῷ
1217 1668 1322 1748 λιμένι

306 1784 484 1848 Ποσειδῶνι
507 1779 546 1848 οὗ
567 1773 651 1865 μέγα
667 1780 768 1865 ἱερόν,
791 1781 845 1846 ubi
862 1780 1056 1847 Suhubartus
1072 1781 1189 1846 iniuria
1205 1790 1321 1847 Ποσει-

306 1897 409 1972 δῶνος
432 1896 527 1962 scribi
550 1897 627 1961 vult.

371 2013 458 2078 Nihil
482 2032 555 2078 vern
580 2012 662 2097 apud
686 2011 875 2078 Pausaniam
899 2014 1046 2078 usitatius
1074 2019 1122 2079 ast
1145 2033 1238 2098 qnam
1264 2015 1320 2078 da-

304 2131 403 2214 tivus,
439 2150 628 2214 quamquam
663 2149 735 2195 uum
758 2130 853 2195 verbo
878 2131 1113 2211 coniungandus
1138 2136 1201 2213 est,
1235 2131 1320 2195 inter

305 2246 470 2313 articulum
496 2252 528 2311 et
551 2247 782 2311 substantivum
810 2247 1031 2332 interpositus3
1060 2248 1142 2311 siunt
1163 2246 1203 2312 X.
1221 2249 1250 2312 5.
1268 2250 1318 2313 13.

304 2361 360 2430 τὸν
384 2365 412 2428 δ’
427 2365 480 2450 ἐφ’
503 2362 594 2449 ἡμῶν
623 2366 666 2451 τῷ
694 2366 764 2450 θεῷ
793 2362 875 2429 ναὸν
905 2359 1125 2451 ᾠκοδόμησαν.
1149 2362 1202 2428 lli.
1223 2365 1272 2429 19.
1287 2366 1318 2430 3.

304 2482 337 2556 ἐς
360 2482 471 2546 τοῦτον
482 2478 647 2563 Ὑακίνθῳ
665 2477 721 2544 τὸν
734 2478 847 2562 βωμόν
863 2517 906 2526 -
922 2482 1132 2560 ἐναγίζουσιν.
1155 2479 1209 2544 IX.
1223 2480 1315 2544 4Ο.5.

304 2595 339 2663 τὸ
374 2597 410 2661 δὲ
444 2598 503 2662 νῦν
541 2608 605 2670 τοῖς
644 2598 865 2679 Χαιρωνεῦσιν
904 2595 1007 2680 ὄνομα
1046 2601 1214 2676 γεγονέναι
1251 2592 1319 2661 ἀπὸ

304 2719 488 2796 Χαίρωνος;
512 2712 767 2794 frequentissima
791 2716 895 2776 autam
919 2714 964 2776 ita
988 2711 1085 2777 dativi
1110 2713 1145 2778 ai
1163 2717 1195 2777 et
1210 2719 1319 2798 σφίσιν

303 2834 497 2913 usurpantur
520 2849 539 2892 a
561 2826 733 2892 Pausania:
758 2826 811 2891 VI.
832 2830 882 2893 17.
900 2829 931 2893 2.
955 2827 974 2912 ἡ
997 2830 1033 2893 δέ
1056 2829 1087 2894 οἱ
1102 2835 1172 2914 νίκη
1188 2821 1319 2894 σταδίαν

303 2949 444 3024 γέγονεν.
468 2942 562 3009 122.
583 2949 610 3008 1.
635 2947 691 3010 τοῦ
714 2945 751 3009 δέ
774 2944 805 3009 οἳ
826 2950 898 3027 βίον
921 2945 978 3029 τὴν
1000 2945 1145 3029 τελευτὴν
1160 2948 1319 3031 συμβῆναι

304 3063 442 3139 λέγουσι.
475 3058 526 3125 IV.
547 3063 597 3125 13.
616 3061 646 3123 2.
675 3058 732 3143 τὴν
766 3061 802 3124 δέ
836 3061 867 3126 οἳ
901 3067 1069 3144 θυγατέρα
1107 3063 1319 3148 ἐπιφανῆναι.

303 3173 355 3240 IV.
376 3177 427 3240 18.
445 3177 474 3239 7.
499 3174 534 3239 τὸ
568 3173 633 3259 γάρ
669 3174 699 3240 ai
734 3174 887 3260 φρόνημα
921 3174 969 3261 ἦν.
995 3175 1030 3240 V.
1054 3183 1079 3241 l.
1099 3180 1150 3241 11.
1181 3176 1199 3242 ὅ
1229 3179 1266 3242 δέ
1288 3177 1320 3243 ui

303 3289 407 3376 πατὴρ
443 3299 485 3356 Π.
504 3290 670 3367 Θεσσαλὸς
697 3289 746 3377 ἦν.
780 3290 820 3356 X.
838 3294 868 3358 8.
888 3295 915 3359 l.
945 3283 1107 3378 ἔκνιιιῆσαι
1130 3329 1172 3338 -
1196 3293 1231 3359 τι)
1260 3296 1319 3360 νῦν

305 3413 393 3494 σφίσι
422 3406 527 3491 ὄνομα
554 3413 611 3473 eta.
659 3407 741 3473 Aliis
769 3407 846 3473 louis
874 3413 979 3475 autam
1011 3409 1110 3474 dativi
1138 3408 1317 3493 interpositi

303 3520 406 3587 laxius
430 3542 499 3588 uum
529 3523 625 3589 verbo
654 3525 863 3602 coniungendi
893 3530 979 3606 sunt,
1011 3531 1061 3589 ut:
1092 3524 1115 3590 Ι.
1134 3529 1163 3591 7.
1182 3528 1212 3591 3.
1237 3523 1318 3601 aaa

303 3638 407 3724 πατήρ
435 3639 467 3705 οἱ
494 3643 648 3715 Σέλευκος
679 3639 851 3728 ἐποιήσατο
884 3639 1059 3725 συνθήκας.
1087 3641 1139 3706 IV.
1157 3642 1210 3706 27.
1227 3644 1256 3707 6.
1287 3641 1319 3707 οἳ

303 3757 340 3820 δέ
363 3775 472 3841 σφισιν
500 3755 593 3839 ἱερεῖς
618 3761 718 3833 Θεαϊς
747 3771 817 3833 ταῖς
845 3757 1016 3838 Μεγάλαις
1041 3793 1081 3804 -
1107 3759 1160 3825 ubi
1193 3758 1317 3823 dativus

303 3876 392 3956 σφίσι
416 3871 519 3937 laxius
543 3872 639 3938 verbo
668 3873 771 3940 ἔθεον
799 3873 892 3955 lunga
921 3875 1121 3959 praecedenti
1153 3875 1317 3961 appositus
