3080 4652
330 1327 369 1432 Ρ
365 1363 528 1429 ausoniam
553 1383 570 1430 e
594 1363 669 1430 solis
685 1363 775 1431 libris
790 1385 887 1431 manu
902 1367 1040 1450 scriptis,
1063 1385 1134 1432 cum
1150 1367 1281 1451 lacunis,

268 1479 532 1564 corruptionibus,
556 1479 854 1565 interpolationibus
870 1483 1009 1547 maxims
1024 1483 1088 1546 sint
1103 1481 1281 1566 deformati,

268 1597 301 1660 in
330 1596 544 1676 integritatem
571 1596 741 1680 pristinam
769 1598 895 1663 restitui
922 1616 985 1662 non
1010 1617 1116 1682 posse,
1146 1598 1283 1665 editores

268 1731 377 1778 omnes
406 1712 542 1796 professi
571 1717 655 1777 sunt.
703 1711 803 1789 Quam
833 1711 871 1777 ob
901 1731 969 1777 rem
997 1732 1099 1796 neque
1128 1719 1280 1798 quantum

268 1828 406 1893 studium
432 1847 450 1892 a
473 1828 550 1893 viris
574 1827 765 1894 doctissimis
790 1827 830 1893 ad
850 1827 979 1893 lacunas
1003 1833 1071 1894 arte
1093 1830 1204 1896 critica
1227 1852 1282 1897 ex-

268 1943 398 2029 plendas
427 1951 459 2009 et
486 1943 683 2028 corruptelas
710 1944 923 2010 emendandas
951 1943 1099 2009 collatum
1128 1945 1185 2029 sit,
1215 1947 1282 2011 cui-

267 2078 360 2144 qnam
377 2060 493 2124 mirum
508 2059 616 2142 inerit,
639 2079 850 2144 nequequam
875 2080 969 2144 saepe
992 2061 1054 2126 viri
1069 2061 1153 2127 docti
1170 2063 1282 2130 ardore

267 2176 431 2260 scriptoris
466 2195 506 2240 ex
540 2175 668 2257 ingenio
705 2176 892 2241 restituendi
930 2177 963 2240 in
1003 2196 1126 2243 errores
1160 2178 1282 2244 inducti

267 2292 348 2373 sint3'
367 2312 430 2356 non
455 2291 552 2358 semel
576 2292 659 2358 enim
676 2311 740 2356 non
759 2296 826 2357 tam
849 2311 896 2374 ea,
921 2311 1001 2376 quae
1024 2292 1064 2358 ab
1080 2294 1185 2378 operis
1208 2313 1285 2359 auc·¹

193 2396 200 2407 ’
265 2413 334 2473 tore
357 2408 477 2491 scripta
500 2415 590 2491 sunt,
625 2426 719 2492 quam
755 2427 836 2491 quae
865 2407 960 2473 scribi
983 2412 1170 2493 potuerunt,
1203 2410 1280 2474 milri

265 2523 411 2589 videntur
446 2524 632 2591 restituisse.
690 2522 775 2602 Quos
809 2524 842 2588 in
878 2544 999 2590 errores
1035 2545 1070 2590 eo
1106 2525 1229 2592 facilius
1257 2527 1281 2592 ii

264 2638 403 2704 incidere
438 2644 627 2724 potuerunt,
659 2639 714 2722 qui
747 2640 958 2724 proprietates
993 2641 1145 2725 quasdam
1173 2640 1280 2708 Perie-

264 2761 355 2838 getae
394 2756 549 2821 sermonis
588 2774 701 2839 parum
747 2754 965 2836 intellegentes
1002 2756 1037 2820 in
1077 2755 1154 2821 locis
1199 2757 1280 2823 iudi-

264 2871 373 2937 candis
401 2877 508 2936 utrum
537 2871 606 2936 sani
636 2877 743 2937 essent
777 2891 817 2936 an
853 2871 993 2955 corrupti
1029 2870 1062 2936 id
1089 2891 1151 2937 non
1179 2873 1280 2959 scrip·

264 2988 342 3053 toris
365 2988 465 3071 ipsius
488 2985 594 3052 indole
617 2986 673 3052 sed
695 2987 735 3053 iis
758 2987 881 3071 legibus
905 2987 1006 3052 mensi
1029 2994 1114 3072 sunt,
1137 2988 1177 3053 ad
1200 3010 1280 3073 quas

264 3104 433 3188 scriptores
456 3100 599 3170 florentis
623 3104 735 3170 aetatis
759 3105 934 3170 orationem
956 3104 1144 3169 formarunt

330 3219 482 3286 Attamen
506 3220 534 3284 si
557 3219 640 3286 ullus
664 3221 801 3306 scriptor
831 3226 867 3285 ut
893 3221 942 3286 sni
964 3221 1034 3304 ipse
1058 3220 1099 3284 sit
1121 3218 1279 3306 interpres

264 3341 358 3420 atque
374 3341 534 3401 corrector
549 3335 682 3420 flagitat,
705 3336 829 3418 flagitat
844 3335 1029 3401 Pausanias.
1063 3335 1164 3419 Atqui
1179 3337 1280 3403 multa

262 3450 423 3534 generalia
445 3451 573 3535 qnidam
608 3451 647 3518 de
674 3451 858 3534 Periegetae
894 3451 1029 3517 dictione
1052 3474 1072 3518 a
1094 3452 1172 3518 viris
1208 3455 1278 3519 doo-

262 3568 394 3634 tissimis
419 3568 537 3654 passim
562 3567 647 3633 dicta
670 3575 754 3652 sunt,
779 3587 874 3653 quam
896 3567 1057 3634 salebrosa
1080 3588 1118 3634 ea
1141 3569 1183 3633 sit
1205 3587 1280 3634 con·

262 3689 408 3768 tortaque
435 3690 466 3750 ct
493 3705 513 3749 a
544 3683 651 3749 nativa
685 3683 888 3770 simplicitate
923 3683 1041 3768 aliena,
1076 3684 1152 3768 quin
1182 3685 1278 3750 etiam

262 3821 339 3884 qnae
362 3799 515 3867 formulas
538 3800 589 3867 vel
611 3801 860 3867 constructiones
877 3821 917 3866 ex
931 3799 1091 3867 Herodoto
1108 3798 1280 3886 depromp-

262 3920 311 3983 tas
345 3915 519 3982 Pausanias
552 3917 585 3982 in
621 3936 712 3982 suam
746 3937 812 3982 rem
847 3917 996 3998 verterit,
1033 3914 1210 3983 Pfundtner
1243 3917 1277 3981 in

1079 4019 1113 4072 1*
