3080 4652
780 385 822 449 36

294 563 371 628 loeis
406 563 468 627 nisi
502 561 699 629 abundanter
734 561 890 646 positum,
927 561 1008 626 siout
1036 561 1060 627 1.
1078 563 1131 626 34.
1152 565 1181 626 1.
1212 561 1247 627 τὸ
1275 565 1311 642 ἑξ

296 676 405 766 ἀρχῆς,
427 678 451 744 Ι.
472 678 522 743 15.
541 681 571 743 3.
596 678 630 743 τὸ
654 679 690 743 δὲ
713 679 774 744 ε”σευ
798 680 850 762 τῆς
872 676 988 762 μάχης,
1012 677 1033 742 Ι.
1053 679 1104 745 29.
1124 681 1155 744 3.
1184 677 1218 743 τὸ
1242 683 1311 744 κατ’

296 792 399 878 σἰρχάς
421 794 444 859 l.
463 796 516 861 37.
533 797 564 858 4.
588 795 629 858 τά
651 793 731 878 πρὸς
754 800 921 870 illuderes,
950 792 988 858 ll.
1010 797 1036 858 1.
1054 795 1085 858 9.
1110 793 1150 858 τά
1172 793 1252 877 μετά
1275 793 1311 859 τὲ

296 917 442 994 στέρνον,
471 910 511 976 lI.
533 913 585 976 34.
603 912 634 974 6.
663 909 703 974 τά
733 911 769 975 δὲ
796 907 877 992 πρὸς
905 907 1098 986 θάλασσαν,
1134 908 1187 974 lll.
1211 912 1262 974 14.
1279 913 1309 976 6.

296 1026 336 1091 τά
359 1029 402 1113 ἑφ
424 1026 515 1112 ἡμῶν
538 1035 596 1091 ete.
644 1025 807 1090 Similibus
838 1045 911 1090 vero
932 1025 1016 1114 locis
1045 1024 1218 1090 Pausanias
1247 1050 1311 1110 φυ-

297 1139 426 1209 λάσσειν
459 1142 621 1224 ooniungit
652 1161 722 1206 oum
759 1141 937 1206 accusativo
973 1140 1242 1206 substantivorum
1276 1155 1312 1208 ut

297 1257 320 1322 l.
338 1258 368 1322 9.
388 1259 417 1321 l.
449 1255 597 1344 φυλάξας
624 1258 660 1322 δὲ
689 1259 724 1336 ἐξ
747 1253 900 1340 Ἠπείρου
930 1253 1080 1323 ἀπιόντα.
1110 1256 1262 1324 1111150.
1281 1260 1311 1322 8.

298 1372 499 1459 φυλάξαντες
525 1371 624 1440 νάκτα
652 1370 818 1458 ἀσέληνον.
842 1372 878 1437 V.
901 1375 1022 1439 13.11.
1053 1372 1254 1459 φυλάξαντες
1282 1375 1313 1441 οἱ

298 1504 427 1574 μαντεῖς
461 1489 518 1577 τὴν
551 1489 678 1575 ἐνάτην.
713 1487 766 1554 lX.
789 1491 885 1556 326
919 1489 1069 1576 φυλάξας
1103 1487 1313 1576 Ἀλκιβιάδην

298 1603 436 1671 ἀπόντα.
459 1604 499 1670 X.
519 1607 547 1670 1.
568 1608 618 1670 11.
648 1606 849 1692 φυλάξαντες
883 1605 988 1692 πλήρη
1022 1605 1077 1673 τὸν
1111 1605 1226 1673 κύκλον
1261 1610 1315 1690 τῆς

299 1721 431 1808 σελήνης
459 1722 515 1787 cfr.
547 1722 641 1786 etiam
670 1721 709 1786 ll.
726 1725 779 1788 20.
797 1725 827 1788 2.
860 1721 914 1787 lX.
934 1726 962 1787 1.
980 1725 1011 1788 5.
1025 1758 1067 1769 -
1081 1724 1134 1789 32.
1153 1725 1171 1787 7
1180 1747 1188 1804 ;
1213 1744 1314 1807 neque

299 1838 391 1902 aliter
418 1838 476 1902 hoo
504 1837 571 1902 loco
602 1839 751 1924 φυλάξας
785 1839 925 1922 ἑσπέραν
959 1839 1211 1920 coniungendum
1246 1860 1314 1904 esse

299 1961 386 2038 puto.
432 1951 510 2017 Post
532 1953 611 2037 μετά
635 1958 740 2017 autem
763 1952 965 2019 librariorum
992 1955 1191 2037 neglegentia
1214 1959 1315 2021 ταῦτα

300 2075 431 2154 propter
455 2069 560 2134 exitus
584 2068 822 2135 similitudinem
852 2070 985 2151 excidit;
1015 2091 1076 2154 quo
1104 2072 1199 2136 verbo
1222 2073 1315 2136 resti·

301 2193 369 2249 tuto
393 2185 480 2250 loeus
503 2186 549 2250 sio
565 2190 614 2250 est
628 2185 842 2267 rofingondus:
868 2186 1017 2272 φυλάξας
1033 2213 1069 2252 τε
1084 2185 1176 2271 μετὰ
1200 2190 1315 2254 ταῦτα

301 2301 441 2382 ἑσπέραν
464 2299 566 2388 ἦλθεν
589 2303 666 2367 int.
685 2351 692 2367 .
710 2332 736 2383 .,·
760 2301 916 2387 particula
939 2308 972 2367 τέ
995 2309 1100 2368 autem
1117 2323 1314 2386 nequaquam

302 2417 435 2482 delenda
462 2425 526 2501 est,
555 2418 638 2501 qnod
667 2418 837 2503 partieipia
865 2421 1018 2497 συλλέξας
1047 2426 1078 2484 ot
1105 2421 1255 2506 φυλάξας
1279 2439 1316 2484 ea

304 2539 541 2600 connectuntur.

370 2648 412 2714 Ut
435 2649 585 2715 hocloco
609 2649 704 2715 verbo
732 2650 934 2736 praecedenti
964 2649 1097 2716 altorum
1129 2670 1316 2738 oppressum

303 2774 362 2848 est,
387 2767 431 2832 sio
454 2765 493 2831 X.
512 2767 580 2832 5.4
604 2786 643 2830 ex
660 2767 817 2830 contrario
833 2767 1025 2851 praecedens
1046 2769 1140 2833 verbo
1163 2769 1316 2851 sequenti,

302 2903 394 2967 quem
418 2881 521 2947 loeum
546 2881 682 2946 editores
705 2881 844 2946 nondum
868 2882 1047 2947 restituisse
1062 2883 1140 2948 mibi
1161 2883 1314 2948 videntur.

307 2996 500 3063 Sububartus
524 2997 607 3062 enim
637 2997 738 3062 dedit:
767 3001 821 3063 καὶ
850 2996 890 3063 τά
918 3002 975 3064 τοῦ
995 3005 1103 3064 Λαΐου
1131 2999 1183 3080 (δὲ
1212 2997 1317 3080 codd.)

303 3113 455 3200 μνήματα
489 3117 544 3178 καὶ
577 3117 699 3180 οἰκέτου
733 3117 789 3180 τοῦ
822 3115 980 3200 ἑπομένου
1009 3117 1186 3180 ἐνταῦθα
1216 3115 1315 3192 (codd.

304 3231 405 3296 ταῦτα
440 3229 491 3294 vel
524 3226 640 3311 ταῖιτά)
673 3232 758 3296 ἐστίν
780 3232 816 3298 ἕν
839 3230 1019 3319 μεσαιτάτῳ
1053 3235 1107 3317 τῆς
1140 3231 1268 3315 τριόδου
1284 3280 1318 3296 ..

304 3343 434 3428 Loeum,
457 3346 512 3412 ubi
536 3345 679 3431 sepulcra
701 3346 829 3430 fuerint,
853 3338 1072 3432 per'e‘veaooa
1088 3389 1131 3399 -
1147 3350 1184 3414 ἐν
1205 3373 1319 3432 μεσαι-

277 3453 281 3462 ’
305 3460 388 3548 τάτῳ
412 3464 464 3548 τῆς
486 3489 533 3547 τρ.
557 3463 708 3528 destinari
732 3470 816 3536 certe
843 3483 970 3529 necesse
1000 3484 1064 3529 non
1093 3471 1157 3546 est,
1188 3464 1242 3528 sed
1265 3465 1320 3529 ἑν-

304 3582 415 3644 ταῖιθα
438 3579 516 3642 mibi
540 3579 666 3661 quidem
690 3579 785 3663 plane
808 3579 968 3645 abundare
995 3580 1129 3645 videtur.
1169 3577 1319 3644 Codicum

306 3703 411 3760 autem
427 3694 561 3776 vestigia
576 3691 676 3760 ταύτά
693 3694 746 3759 alii
761 3694 868 3760 lavent
883 3696 1090 3778 oonieoturae‚
1115 3695 1196 3779 quae
1211 3693 1321 3759 multis

305 3809 383 3875 loeis
407 3811 562 3876 similibus
586 3817 690 3896 potest
713 3812 893 3877 sustentari.
941 3810 1099 3896 Persaope
1128 3813 1211 3876 enim
1239 3810 1320 3876 Pau·

308 3928 413 3992 sanias
448 3926 601 4010 loquitur:
641 3931 675 3992 τέ
690 3962 731 3972 -
748 3930 802 3992 καὶ
835 3926 919 3993 κατά
953 3923 1055 3994 ταῧτά
1089 3927 1138 3994 vol
1174 3930 1207 3994 τὲ
1240 3927 1323 3994 κατὰ
