3080 4652
690 391 730 454 13

203 566 343 650 exeeptis
362 565 518 650 levigatis,
541 568 575 630 in
599 566 712 650 quibus
735 573 784 633 est
807 570 839 643 ἐς
862 567 1097 655 ἀμφισβήτησιν
1112 564 1215 654 Ἀθη-

202 687 316 756 ναίοις.
346 679 454 748 Lectio
479 681 708 748 Schubartiana
731 684 759 749 si
782 703 857 750 vera
873 685 926 767 sit,
950 684 1025 768 quid
1041 677 1215 750 subiectum

203 793 377 882 Ἀθηναῖοι
400 775 568 882 repetitum
600 799 660 863 sibi
684 798 775 880 velit,
807 819 909 883 neque
940 799 1087 882 intellego
1115 818 1216 882 neque

203 911 393 978 Pausaniam
419 914 464 978 sio
487 914 653 999 scripsisse
676 915 827 994 eoncedo;
856 921 888 980 at
913 933 987 980 vero
1010 935 1080 980 eum
1105 915 1217 1000 opinor

205 1034 260 1092 aut
283 1048 340 1112 pro
365 1029 562 1094 substantivo
579 1049 753 1112 pronomen
776 1026 868 1096 οὗτοι
892 1030 1034 1115 posuisse
1057 1035 1122 1114 aut,
1146 1049 1217 1096 cunr

204 1143 282 1210 illud
306 1144 429 1210 codices
453 1145 600 1210 substitui
626 1153 742 1228 vetent,
765 1145 895 1211 uerbum
919 1145 1054 1228 finitum,
1084 1165 1216 1230 quocum

205 1256 379 1346 Ἀθηναῖοι
402 1261 604 1346 copularetur
627 1261 795 1341 excidisse3
820 1263 870 1326 cui
895 1262 938 1326 rei
964 1261 1105 1326 codicum
1122 1263 1218 1326 vesti-

205 1375 259 1458 gia
281 1377 397 1442 lavent.
443 1375 570 1442 Plenius
593 1377 690 1459 igitur
714 1383 787 1462 post
808 1384 993 1462 προτρέψαι
1012 1379 1098 1463 σφᾶς
1120 1377 1219 1442 inter·

206 1499 382 1576 pungentes
417 1500 449 1558 et
482 1513 522 1558 ex
558 1492 709 1558 vocabulo
750 1490 1003 1580 ἀμφισβητοῦσιν
1039 1493 1100 1559 duo
1139 1512 1219 1576 quae

207 1606 391 1672 coaluerunt
414 1608 622 1674 dissolventes
645 1605 878 1694 ἀμφισβήτησιν
893 1612 1039 1689 λέγουσιν
1054 1609 1100 1674 sic
1115 1607 1218 1673 locum
1308 1617 1312 1625 '

207 1724 423 1789 restituemus:
452 1723 588 1790 Σόλωνα
617 1724 653 1788 δὲ
682 1723 813 1807 ὕστερόν
842 1743 943 1810 φασιν
970 1764 1015 1776 -
1037 1729 1221 1808 προτρέψαι

208 1840 308 1924 σφᾶς·
343 1842 538 1924 καταστῆναι
571 1841 607 1904 δὲ
640 1841 694 1905 ἐπὶ
723 1838 845 1916 τούτοις
873 1842 906 1916 ἐς
934 1837 1221 1926 α’μφισβήτησιν

208 1958 389 2034 λέγουσιν
411 1951 588 2040 Ἀθηναῖοι
606 2004 638 2020 ..
663 1955 717 2020 cfr.
735 1954 820 2020 locos
837 1954 1025 2038 simillimos,
1050 1956 1082 2020 in
1104 1951 1220 2039 quibus

209 2069 358 2136 subiectis
387 2074 515 2136 mutatis
544 2069 717 2135 Pausanias
741 2071 874 2136 invicem
904 2077 1004 2157 φασιν
1035 2078 1068 2136 et
1096 2073 1222 2150 λέγουσι

208 2191 356 2269 usurpat:
381 2184 405 2249 l.
422 2188 475 2252 30.
492 2189 522 2251 3.
554 2223 599 2236 -
630 2184 653 2251 Ι.
670 2187 723 2250 49.
741 2188 772 2251 5.
806 2221 848 2230 --
881 2183 918 2249 V.
937 2188 991 2251 26.
1008 2187 1040 2250 3.
1068 2221 1110 2232 -·-
1139 2184 1220 2250 Vlll.

210 2304 263 2367 53.
284 2303 333 2366 10.
350 2337 391 2348 -
408 2300 448 2366 X.
465 2304 497 2367 4.
517 2306 544 2366 l.
598 2300 740 2366 Duorum
775 2301 941 2367 verborum
974 2301 1223 2386 implicationem

211 2419 306 2482 etiam
329 2417 417 2482 locus
440 2417 480 2482 X.
498 2417 587 2483 252
611 2418 712 2500 docet,
736 2417 790 2483 ubi
811 2417 1002 2483 Schubartus
1026 2416 1126 2482 dedit:
1150 2424 1223 2482 Με-

210 2531 317 2620 νελάῳ
339 2534 375 2598 δὲ
398 2532 438 2599 τοὶ
462 2535 494 2610 ἒς
522 2533 577 2618 τήν
605 2530 779 2619 ἀναγωγήν
807 2530 1036 2618 εὐτρεπίζουσι,
1062 2536 1116 2597 καὶ
1144 2534 1223 2606 ναῦς

213 2673 246 2712 τε
275 2655 493 2734 γεγραμμένη,
527 2651 582 2712 καὶ
610 2648 726 2731 ἄνδρες
756 2647 844 2722 ἐντὸς
878 2649 994 2714 ναῦται
1021 2650 1077 2711 καὶ
1103 2643 1225 2729 ἀναμὶξ

212 2764 327 2839 παῖδες
333 2794 344 2844 3
368 2764 423 2829 sed
446 2764 480 2828 in
503 2762 592 2828 eodd.
617 2764 746 2848 optimis
770 2762 904 2843 legimus
932 2763 968 2827 du
990 2774 1070 2827 τοτσι
1091 2759 1225 2838 ναύταις

214 2880 262 2958 (ἐν
284 2893 350 2955 τοῖς
365 2879 412 2945 La
426 2879 499 2962 Va),
522 2899 625 2963 neque
648 2900 716 2964 ego,
740 2880 766 2944 si
792 2879 823 2943 in
847 2879 1017 2963 archetypo
1041 2882 1109 2944 erat
1124 2877 1225 2956 ἐντός,

214 2995 369 3079 quomodo
392 2995 481 3061 codd.
499 2995 631 3060 derivati
655 2995 696 3059 ad
719 2994 883 3060 lectionem
912 2995 949 3060 ἐν
972 3007 1052 3060 τοῖσι
1075 3015 1225 3079 pervene-

214 3111 295 3191 rint,
334 3110 516 3192 intellegere
557 3130 704 3195 possum‚
743 3131 815 3176 cum
850 3113 886 3177 du
920 3123 985 3186 τοις
1026 3111 1119 3176 facile
1157 3131 1226 3176 cor-

215 3233 340 3292 rectura
374 3226 495 3292 scribae
531 3227 689 3310 peritioris
720 3247 758 3291 ex
787 3229 823 3293 ἐν
846 3240 927 3292 τοῖσι
956 3226 1057 3311 possit
1080 3227 1226 3311 perspici.

215 3341 283 3419 Qua
321 3363 355 3407 re
393 3343 469 3426 quin
506 3343 538 3406 in
581 3345 697 3408 ἐντοισι
735 3343 796 3408 duo
835 3343 955 3407 lateant
994 3342 1108 3424 verba,
1148 3363 1227 3427 quae

215 3459 399 3542 coaluerint,
422 3479 485 3524 non
506 3457 626 3542 dubito,
649 3461 738 3534 ἐντος
752 3478 824 3536 εισι,
848 3457 973 3542 quibus,
996 3477 1068 3524 cum
1084 3458 1157 3524 inde
1172 3458 1228 3522 da-

214 3575 298 3639 tivus
322 3577 358 3641 ἒν
380 3589 460 3641 τοῖσι
480 3579 609 3640 exortus
634 3581 726 3657 esset,
750 3575 853 3639 scriba
877 3572 1009 3650 ναύταις
1032 3565 1229 3659 pronaum

216 3690 472 3758 accommodavit.
524 3690 634 3775 Itaque
662 3691 709 3756 sic
742 3690 910 3772 legendum
945 3710 1014 3756 esse
1048 3695 1139 3774 puto:
1175 3692 1230 3754 ael

215 3807 295 3883 ναῦς
317 3833 350 3872 τε
371 3813 575 3893 γεγραμμένη
602 3811 656 3872 καὶ
685 3807 801 3891 ἄνδρες
828 3806 940 3882 ἐντός
968 3809 1038 3872 εἰσι
1061 3807 1228 3871 ναῦται..

219 3921 372 4008 Copulam
413 3929 517 3988 autem
566 3925 649 3989 inter
689 3923 819 3988 nomina
865 3922 926 3992 duo
971 3926 1056 3987 arete
1099 3920 1229 3986 coniun-
