3080 4652
667 355 707 418 31

180 537 255 617 μησί
282 557 315 595 τε
342 526 460 612 ὅλμοις
495 530 625 614 ὕστερον
648 529 717 613 ἦ..
745 528 871 594 Bekker
905 530 973 595 iure
1009 529 1196 614 particulam

180 648 319 729 ineptam
344 652 377 711 τέ
399 645 603 724 deleri,vult;
628 643 701 709 SW
722 665 808 726 vero,
833 645 886 729 qui
910 649 943 710 τέ
965 645 998 709 in
1021 650 1057 724 γέ
1081 644 1196 707 mutari

180 761 301 844 volunt,
329 780 389 824 non
415 761 584 842 assentior,
612 759 693 843 quod
718 765 751 824 τέ
774 795 813 804 -
837 765 891 824 καί
910 795 954 804 -
971 765 1008 840 yt
1034 759 1089 824 ofr.
1115 757 1196 823 Mat·

180 879 265 942 thiae
287 897 334 958 gr.
351 897 397 958 gr.
414 872 435 960 ξ
451 877 526 942 602.
544 875 603 940 hoo
625 876 692 938 loco
717 881 790 960 apta
812 874 954 958 copulari
977 894 1040 939 non
1064 880 1151 959 puto.

246 993 351 1077 Atque
376 994 453 1057 haec
476 991 603 1074 quidem
628 991 667 1056 de
691 991 889 1076 copulatione
912 998 966 1056 καί
985 1026 1018 1036 -
1041 997 1090 1072 ue,-
1115 1009 1197 1055 narro

180 1128 233 1174 eos
256 1108 341 1174 locos
365 1128 542 1193 exponam,
570 1106 623 1172 ubi
648 1107 803 1192 particula
830 1114 865 1172 τέ
887 1129 905 1170 a
928 1107 1140 1173 nonnullisv.
1165 1107 1195 1170 d.

180 1230 311 1309 propter
333 1225 523 1309 positionem
546 1223 730 1288 inusitatam
756 1224 789 1288 in
813 1223 1061 1308 disputationem
1085 1229 1197 1287 vocata

180 1347 235 1405 aut
265 1341 458 1424 transposita
494 1347 548 1404 aut
576 1339 680 1409 deleta
709 1345 765 1404 est.
823 1339 923 1416 Quam
959 1339 1195 1404 collocationem

178 1457 339 1522 insolitam
364 1455 544 1521 offensionis
569 1463 600 1521 et
623 1457 874 1520 coniecturarum
897 1476 1025 1521 causam
1042 1454 1195 1537 attulisse,

128 1610 131 1615 -
180 1592 216 1637 eo
242 1574 341 1654 magis
366 1573 480 1652 miror,
511 1571 593 1655 quod
622 1570 811 1636 Pausaniam
843 1573 876 1636 in
911 1571 1015 1637 verbis
1043 1572 1195 1656 ponendis

179 1688 306 1752 omnino
323 1687 485 1752 liberrime
508 1707 609 1770 neque
632 1688 700 1752 sine
724 1685 1048 1770 affectationeegissa
1068 1688 1131 1751 ianr
1157 1687 1195 1751 ab

179 1804 250 1868 aliis
274 1804 515 1888 pronunciatum
541 1811 589 1868 est
614 1810 646 1868 et
662 1802 836 1888 particulae
859 1808 893 1869 τέ
912 1804 1194 1886 transgressionem

178 1921 275 1985 etiam
308 1941 326 1985 a
359 1921 472 1985 ceteris
507 1920 712 2004 scriptoribus
744 1920 875 1985 liberius
908 1927 1094 2005 usurpatam
1128 1939 1196 1984 esse

177 2033 344 2120 constat¹).

245 2150 401 2237 Persaepe
430 2153 513 2217 enirn
544 2150 717 2217 Pausanias
745 2152 785 2216 ad
812 2151 939 2235 aliquod
964 2153 1111 2234 verbum,
1145 2153 1195 2218 oui

178 2270 259 2334 duae
286 2287 378 2333 voces
411 2288 468 2353 per
496 2273 529 2334 ut
549 2304 591 2314 —
614 2274 669 2333 καί
701 2267 866 2352 copulatae
899 2287 1082 2333 communes
1111 2277 1193 2349 sunt,

178 2385 387 2469 praemissum
411 2391 444 2450 τέ
460 2385 712 2465 transgressione
728 2385 834 2466 adicit,
858 2391 894 2449 ut
908 2383 946 2448 ll.
964 2386 995 2450 2.
1009 2388 1040 2449 3.
1073 2380 1195 2476 ’Appo-

177 2503 264 2586 δέτης
287 2507 320 2566 τέ
342 2503 428 2567 ἐστιν
450 2501 531 2576 ναὸς
554 2504 608 2565 καὶ
624 2500 769 2585 ἄγαλμα.
794 2500 859 2566 VII.
878 2502 931 2565 21.
946 2502 976 2564 7.
1000 2501 1081 2583 πρὸς
1101 2501 1137 2565 dd
1152 2503 1194 2586 τῷ

177 2620 281 2702 λιμένι
304 2617 509 2691 Ποσειδῶνός
537 2643 570 2681 τε
596 2616 677 2692 ναὸς
705 2620 759 2681 καὶ
786 2616 997 2700 ἄγαλμα...
1026 2615 1078 2681 IV.
1099 2619 1149 2682 16.
1163 2619 1193 2681 6.

176 2736 505 2817 Λακεδαιμονίων-
522 2732 719 2818 ὡρμημένων
742 2769 786 2779 -
804 2731 961 2816 Τυρταῖός
1000 2758 1032 2797 τε
1070 2734 1194 2811 ἐλεγεῖα

177 2850 268 2932 ᾄδων
294 2855 484 2934 μετέπειθεν
512 2846 627 2924 αὐτοὺς
656 2853 711 2913 καὶ
738 2851 770 2925 ἒς
797 2847 869 2924 τοὺς
896 2847 1075 2931 λόχους-
1101 2853 1194 2912 κατέ-

177 2971 269 3048 λεγεν
292 2967 430 3051 dudum,-
455 2966 612 3051 particula
634 2970 668 3030 τέ
691 2964 839 3031 hocloco
864 2964 1004 3030 subiecto
1020 2965 1193 3050 praemisso

177 3083 274 3148 affixa
297 3092 362 3163 est,
393 3102 583 3166 quamquam
614 3082 675 3148 duo
699 3081 795 3146 verba
822 3081 1037 3166 praedicativa
1060 3080 1121 3146 sibi
1143 3101 1194 3146 re-

177 3200 347 3284 spondent3
376 3198 416 3264 Χ.
439 3202 492 3266 30.
510 3202 541 3264 2.
570 3197 784 3279 Πολύγνωτος
811 3200 848 3264 δὲ
875 3197 973 3281 κόρας
1000 3224 1032 3263 τε
1059 3201 1127 3264 ἕστε
1150 3233 1194 3242 -

176 3323 375 3402 φανωμένας
398 3316 517 3382 ἄνθεσι
540 3320 595 3381 καὶ
610 3314 787 3392 παιζούσας
811 3316 962 3400 ἔγραψε.
980 3364 1001 3391 .,
1025 3314 1078 3379 nbi
1095 3315 1193 3399 parti·

175 3433 262 3517 cipia
283 3434 366 3498 iuste
389 3431 547 3514 iungenda
569 3437 670 3497 erant.

244 3549 327 3614 Aliis
344 3555 448 3615 antem
465 3549 542 3615 locis
558 3547 732 3634 particulae
747 3553 780 3612 ae
795 3547 1005 3629 transgressio
1022 3546 1193 3612 editoribus

249 3815 270 3880 l)
290 3811 338 3868 cfr.
356 3812 488 3867 Matthiae
512 3828 553 3882 gr.
569 3829 611 3881 gr.
631 3828 658 3881 p.
680 3811 756 3866 1277.
794 3809 968 3880 Bernhardy,
993 3808 1066 3864 wiss.
1087 3807 1192 3876 Syntax
1241 3840 1257 3859 ,

174 3923 201 3978 p.
217 3911 279 3965 461.
317 3910 430 3965 Ktihnar
442 3926 483 3980 gr.
497 3926 538 3980 gr.
551 3910 637 3974 5520.
652 3925 678 3964 a
690 3909 716 3964 5.
726 3909 753 3964 d.
