3080 4652
786 331 831 394 54

303 506 454 591 temporis
488 505 665 591 praeventis
699 513 736 571 ut
770 506 834 570 vim
865 505 1132 571 substantivorum
1169 505 1319 572 habentia

303 642 373 689 cum
402 622 541 705 genitivu
564 622 739 705 coniungit,
768 621 824 686 scd
857 619 921 688 ὑπό
949 641 975 686 c.
997 641 1026 702 g.
1057 642 1211 706 usurpare
1238 623 1318 688 solet

303 738 555 806 ut:11.35.10.
583 735 666 802 κατά
693 735 733 802 τά
760 737 917 822 λιηόμινα
946 736 1009 804 ὑπὸ
1032 736 1234 823 Ἑρμιονέων.
1264 736 1316 804 VI.

307 858 357 923 10.
375 856 405 920 2.
428 854 464 920 τὸ
487 852 550 921 ὑπὸ
573 855 628 920 τοῦ
652 852 769 930 παιδὸς
791 853 996 938 ποιούμενον.
1028 853 1110 919 VIII.
1127 855 1181 920 46.
1198 856 1230 920 4.
1254 853 1318 920 ὑπό

303 997 336 1037 το
364 968 525 1056 Ἑλλήνων
558 969 751 1054 νομιζόμενα
774 968 1035 1036 cfr.V11.23.2.
1075 969 1156 1034 VIII.
1178 973 1208 1036 3.
1226 972 1256 1035 6.
1274 1007 1317 1018 -

305 1089 334 1152 8.
352 1088 383 1151 9.
400 1091 460 1152 etc.
506 1084 563 1151 Cui
586 1084 649 1168 legi
672 1104 736 1150 non
758 1091 915 1170 repugnat
937 1084 989 1151 VI.
1009 1088 1060 1153 10.
1078 1087 1109 1151 6.
1126 1085 1144 1152 δ
1160 1085 1319 1171 ἐρώμενος

229 1207 234 1216 “
305 1205 449 1280 Φειδίου,
472 1202 526 1286 qui
549 1201 706 1282 genitivus
730 1201 823 1283 vulgo
848 1209 1029 1287 usurpatur.

372 1317 491 1396 Quibus
512 1315 626 1382 finibus
650 1317 829 1383 constitutis
853 1338 915 1384 ncn
942 1318 988 1383 ita
1016 1316 1143 1384 difficile
1171 1317 1248 1382 mihi
1271 1317 1319 1382 vi-

305 1436 396 1501 dctur
419 1440 524 1500 utrum
547 1432 634 1498 locus
662 1431 853 1499 ulturus
884 1453 979 1498 sanus
1007 1434 1050 1498 sit
1075 1452 1176 1500 necne
1203 1433 1319 1497 diiudi-

304 1571 385 1617 care.
416 1549 518 1615 Lucus
543 1550 626 1614 enim
651 1550 696 1615 sic
719 1548 849 1632 legitur:
869 1547 995 1634 Ὁμήρῳ
1019 1551 1056 1616 δέ
1079 1545 1131 1622 (οὗ
1147 1551 1212 1634 γὰρ
1234 1551 1319 1616 εῖδεν

305 1665 556 1751 ἀξιολογώτερον
577 1662 719 1752 μνῆμαι)
743 1665 870 1742 εἰκότως
893 1672 1045 1749 παρέξειν
1061 1667 1173 1751 ἔμελλε
1186 1667 1318 1750 θαῦμα,

304 1787 374 1851 ἐπεὶ
396 1787 451 1848 καὶ
468 1782 645 1869 Ἡφαίστου
674 1779 729 1848 τὸν
751 1781 848 1867 χορὸν
877 1784 930 1848 ent
953 1785 988 1874 τῇ
1008 1779 1181 1866 Ἀχιλλέως
1208 1779 1320 1848 ἀσπίδι

304 1904 515 1985 εἰργασμένον
543 1898 659 1974 εἰκάζοι
685 1901 770 1986 χορῷ
798 1897 967 1965 Δαιδάλου
994 1904 1184 1984 ποιηθέντι,
1211 1902 1319 1985 σοφω-

305 2041 380 2101 τερα
404 2013 443 2082 οὗ
471 2013 690 2099 θεασάμενος.
737 2013 815 2079 Cum
845 2014 879 2079 in
907 2014 1011 2081 verbis
1037 2017 1123 2104 χορῷ
1151 2013 1320 2081 Δαιδάλου

232 2110 239 2127 ”
305 2137 475 2216 ποιηθέντι
497 2130 656 2212 genitivus
672 2141 711 2197 Δ.
726 2151 828 2214 neque
852 2149 923 2196 cum
938 2133 1023 2220 χορῷ
1040 2131 1142 2216 possit
1162 2131 1319 2216 cpniungi‚

306 2249 380 2333 quia
402 2247 605 2334 participium
628 2253 798 2333 ποιηθέντι
820 2247 927 2332 inepte
951 2248 1069 2312 dictum
1099 2253 1192 2330 essct,
1219 2266 1320 2330 neque

306 2363 345 2429 ad
369 2363 570 2448 participium
594 2364 700 2447 ipsum
724 2363 907 2429 referendus
934 2365 990 2448 sit,
1019 2365 1100 2448 quod
1131 2362 1320 2429 substantivi

305 2480 444 2566 pondere
467 2485 565 2560 caret,
587 2479 674 2544 lucus
698 2486 747 2544 est
769 2478 947 2544 mendosus.
994 2478 1170 2545 clavierius
1194 2480 1320 2562 quidem

306 2594 369 2664 ἀπδ
392 2594 560 2663 Δαιδάλου
583 2595 785 2660 scribendum
814 2615 883 2660 esse
910 2595 1044 2661 coniecit
1072 2601 1104 2660 et
1127 2593 1321 2661 Schnbartus

307 2713 356 2792 (cf.
383 2713 481 2797 praef.
506 2733 537 2797 p.
558 2710 646 2790 XII.)
675 2712 789 2777 obtulit
814 2710 899 2796 χόρῳ
928 2711 1112 2787 Δαιδάλου,
1140 2716 1320 2795 ποιηθέντα

307 2828 473 2915 σοφώτερα
497 2825 536 2895 οὗ
558 2834 595 2894 θ.
601 2859 613 2908 ,·
641 2828 695 2893 scd
727 2828 785 2892 hae
814 2827 1012 2893 coniecturae
1041 2827 1113 2892 idco
1141 2846 1204 2891 non
1234 2826 1321 2892 suifi-

307 2946 409 3028 ciunt‚
451 2943 534 3029 quod
574 2943 763 3008 Pausaniam
806 2944 995 3009 sententiam
1035 2949 1099 3007 tam
1133 2942 1321 3025 generaliter

307 3061 424 3126 dictam
447 3059 532 3144 χδρῳ
549 3059 718 3127 Δαιδάλου
733 3059 833 3143 priori
851 3059 1028 3125 sententiae
1044 3058 1172 3143 speciali
1184 3055 1322 3144 Ἡφαισ-

306 3201 362 3244 του
390 3176 446 3243 τὸν
468 3175 565 3261 ηόρον
587 3178 641 3242 ἐπὶ
664 3180 700 3267 τῇ
714 3172 884 3258 ’Δχιλλέως
907 3172 1019 3240 ἀσπίδι
1041 3179 1120 3258 τέρη.
1137 3175 1321 3259 opposuisse

306 3293 394 3359 nullo
424 3298 516 3377 pacto
544 3291 672 3357 credere
703 3311 831 3377 possum
864 3298 895 3356 ct
922 3291 1125 3376 participium
1154 3297 1322 3377 ποιηθέντι

307 3413 375 3475 sinc
402 3409 513 3490 dubio,
544 3409 594 3473 cui
622 3409 736 3474 chorus
764 3409 866 3474 iactus
894 3409 952 3491 sit,
979 3408 1107 3473 indicat.
1155 3407 1322 3474 Praeterea

307 3533 411 3592 autem
435 3525 608 3590 Pausanias
631 3525 721 3590 illum
753 3525 855 3590 locum
881 3525 1028 3610 respicit,
1063 3525 1117 3608 qui
1145 3525 1228 3610 apud
1258 3523 1321 3587 Hc·

307 3662 429 3709 merum
453 3641 487 3707 II.
504 3640 618 3706 XVIII.
635 3643 703 3709 590
719 3662 765 3726 sq.
782 3640 913 3723 legiturz

380 3919 400 3982 ¹)
419 3914 578 3984 Sepulcrum
599 3914 710 3984 Aepyti,
730 3913 777 3968 cir.
792 3913 1043 3970 Hom.11.11.604.
1151 3924 1171 3964 ι
