3080 4652
699 363 743 428 53

214 539 371 606 similibus
400 546 455 607 aut
482 540 607 606 dativus
637 547 692 606 aut
720 538 784 607 ὑπό
810 558 836 604 a.
853 560 883 622 g.
906 561 924 605 a
950 539 1108 605 Pausania
1137 561 1228 605 usur-

212 664 316 744 patur.

281 770 342 837 Sed
365 773 460 855 loeus,
485 773 539 856 qni
563 771 623 837 hue
648 771 804 837 referendi
828 777 917 854 sunt,
950 773 1127 837 accuratius
1150 769 1227 837 mihi

212 889 406 954 examinanti
444 889 618 955 Pausanias
657 894 748 954 extra
789 890 844 953 hos
887 886 965 953 fines
1004 908 1066 953 non
1104 887 1228 952 videtur

213 1025 358 1085 egressus
387 1025 472 1070 esse:
507 1006 636 1071 adhibet
669 1006 805 1090 primurn
837 1005 1038 1090 participium
1066 1005 1227 1089 passivum

213 1122 365 1204 temporis
389 1122 565 1207 praeteriti,
589 1121 672 1205 quud
696 1122 758 1186 vim
794 1121 983 1186 substantivi
1015 1119 1133 1185 habens
1158 1140 1227 1185 cum

214 1238 352 1318 genitivu
375 1237 478 1319 iungit
505 1243 540 1302 ut
572 1236 595 1302 Ι.
614 1239 644 1302 2.
662 1239 693 1301 2.
718 1237 757 1302 τὰ
780 1234 845 1320 γάρ
871 1239 1120 1320 Θεμιστοκλέους
1149 1235 1229 1321 μετὰ
1300 1215 1303 1222 ⁴

213 1354 268 1438 τὴν
291 1350 495 1439 ἀναχώρησιν
523 1355 781 1439 οἰκοδομηθέντα
805 1352 862 1438 την
887 1351 1014 1438 Μήδων
1046 1393 1091 1404 -
1125 1358 1229 1439 καθη-

213 1475 313 1554 ρέθη,
342 1470 397 1535 ubi
420 1470 517 1535 verba
548 1467 587 1535 τὰ
617 1470 875 1555 οἰκοδομηθέντα
902 1469 985 1533 idem
1011 1468 1094 1552 quod
1117 1467 1157 1533 τὰ
1180 1471 1229 1535 οἰ-

214 1584 425 1670 κοδομήματα
460 1585 672 1667 significantia
707 1605 777 1650 cum
813 1584 952 1666 genitivo
980 1587 1230 1669 &enumeratione

213 1701 360 1782 coniungi
384 1705 533 1786 possunt3
557 1700 609 1765 VI.
628 1702 658 1766 8.
678 1702 708 1765 2.
740 1700 844 1766 ὁπόσα
874 1699 959 1767 ἄλλα
987 1697 1118 1783 ἀνδρῶν
1145 1697 1228 1765 ἄλα-

213 1816 315 1895 ζδνοιν
337 1819 422 1883 ἐστὶν
444 1821 607 1902 εἰρημένα,
631 1817 684 1881 ubi
709 1817 866 1898 genitivus
890 1816 1040 1901 pendete
1061 1817 1228 1902 partieipia

213 1937 364 2017 εἰρημένα
388 1953 446 2018 pro
469 1935 529 2020 ἔπη
554 1934 668 2017 posito,
692 1933 737 1999 ita
760 1938 796 1998 ut
824 1933 1004 1998 coniectura
1031 1931 1142 1999 Gerasi
1166 1931 1229 1999 ὑπὸ

215 2047 346 2132 ἀνδρῶν
369 2069 604 2134 supervacanea
620 2049 676 2128 sit;
701 2047 752 2113 VI.
773 2050 802 2112 i.
819 2049 851 2112 4.
876 2051 908 2124 ἰς
932 2050 949 2113 ὃ
973 2048 1108 2133 τριήρων
1131 2047 1230 2126 ἁλοὺς

214 2161 366 2232 Ἀττικῶν
390 2163 520 2249 &rixae
544 2167 605 2242 ζῶν
633 2164 725 2247 παρὰ
746 2162 959 2249 Ἀθηναίους,
990 2165 1042 2231 ubi
1066 2186 1083 2230 e
1110 2164 1229 2230 Kubnii

213 2281 392 2364 eonjeetura
416 2280 599 2347 Siebelisius
624 2287 655 2346 et
679 2278 761 2346 SW.
787 2287 974 2365 receperunt
997 2279 1060 2347 ὑπὸ
1083 2280 1228 2366 τριήροιν.

213 2395 275 2461 Sed
299 2417 368 2461 eum
393 2397 597 2482 participium
621 2395 723 2472 ἁλούς
746 2397 830 2461 idem
854 2395 913 2461 boe
935 2397 1003 2461 loen
1027 2396 1131 2462 valeat
1146 2396 1228 2480 quod

213 2511 428 2595 αἰχμάλωτος,
451 2513 535 2596 quud
565 2512 796 2578 substantivum
821 2511 994 2577 Pausanias
1023 2512 1133 2578 eodem
1160 2513 1228 2578 luco

213 2635 244 2692 at
273 2627 383 2692 eodem
411 2647 521 2693 sensu:
551 2628 594 2703 ὥς
619 2663 659 2673 -
689 2627 794 2712 ἄνδρα
827 2628 943 2712 ἥκοντα
977 2626 1159 2695 ἐθεάσαντο
1193 2631 1229 2695 έν

213 2744 348 2830 σχήματι
374 2742 581 2828 αἰχμαλώτου
608 2750 756 2827 usurpat,
788 2745 883 2808 etiam
912 2742 970 2808 hoe
1000 2743 1067 2809 loto
1095 2743 1228 2828 τριήρων

212 2858 311 2936 ἁλούς
335 2881 354 2924 a
375 2858 535 2925 Pausania
558 2860 711 2945 seriptum
736 2879 805 2925 esse
828 2867 915 2944 puto.

279 2975 402 3041 Deinde
430 2976 645 3061 compluribus
675 2976 751 3040 loeis
780 2977 938 3057 genitivus
967 2977 1123 3061 reperitur
1153 2997 1229 3062 pen-

213 3094 292 3157 dens
326 3112 365 3156 ex
394 3070 526 3158 articulo
556 3112 626 3158 eum
658 3093 825 3178 participio
855 3096 1001 3178 copulato
1029 3099 1064 3158 ut
1093 3092 1131 3158 ll.
1148 3095 1179 3158 9.
1196 3097 1227 3159 5.

203 3203 246 3282 1ές
269 3206 304 3272 τὸ
321 3203 473 3274 Ἡσιόδου
488 3206 547 3275 σὺν
562 3211 632 3298 θεῷ
645 3214 877 3294 πεποιημένους
899 3209 953 3274 ubi
970 3228 1043 3274 vero
1060 3209 1229 3294 partieipia

214 3325 245 3386 vi
262 3323 528 3388 substantivorum
546 3330 665 3407 tarent,
690 3329 745 3388 aut
765 3324 891 3388 dativus
909 3330 963 3388 aut
979 3321 1041 3389 brad
1058 3330 1229 3410 usurpatur

213 3444 248 3504 ut
272 3436 351 3503 VIII.
368 3439 420 3503 24.
442 3441 470 3503 1.
494 3451 560 3514 τοῖς
583 3440 620 3505 δέ
642 3441 727 3505 ἐστιν
742 3442 893 3524 εἰρημένα
908 3444 1077 3522 θυγατέρα
1093 3445 1178 3506 εἰναι
1194 3490 1202 3506 .
1220 3491 1228 3506 .

212 3549 295 3620 VIII.
313 3556 365 3621 31.
383 3556 414 3620 6.
439 3567 578 3619 παντοῖα
595 3554 630 3618 δὲ
646 3550 832 3638 δνδρδποις
848 3550 1050 3640 ἀνευρημένα
1066 3557 1099 3632 ές
1114 3552 1230 3637 λόγους

213 3673 307 3736 ἕστίν.
330 3669 412 3735 VIII.
429 3671 482 3736 25.
503 3673 553 3736 12.
577 3672 635 3746 τὰς
658 3668 721 3736 ὑπὸ
738 3669 880 3756 Ὀμήρου
903 3671 1148 3755 κατειλεγμένας
1175 3671 1229 3756 νη’-

214 3811 299 3862 σους.
322 3822 365 3832 -
389 3788 443 3852 35.
460 3788 492 3851 2.
516 3785 552 3852 τὸ
574 3784 638 3853 ὑπὸ
661 3784 831 3853 Δαιδοὲλου
854 3788 996 3872 ποιηθὲν
1019 3790 1061 3876 τῷ
1081 3783 1232 3870 Ἡρακλεῖ

214 3901 345 3982 ξόανον.
368 3902 521 3987 Denique
536 3901 621 3967 nullo
637 3901 707 3967 loeo
722 3900 898 3968 Pausanias
918 3903 1087 3990 partieipia
1102 3903 1230 3988 passiva
