3080 4652
694 322 736 385 41

211 506 274 576 est3
298 497 350 564 IV.
368 501 398 564 4.
419 503 448 564 1.
472 496 508 564 τό
531 500 569 564 δέ
591 517 701 584 σφισιν
717 495 806 583 ᾆσμα
821 496 996 580 προσόδιον
1015 498 1048 573 ἒς
1071 496 1224 562 τὸνθεόν

209 616 357 692 ἐδίδαξεν
380 614 526 700 Εὔμηλος
548 614 673 678 dativus
697 614 737 679 ad
762 613 891 679 verbnm
915 614 1063 692 ἐδίδαξεν
1085 612 1224 678 referen-

210 730 268 795 dus
292 734 355 809 est3
380 728 461 794 VIII.
478 732 531 796 48.
549 731 581 795 4.
605 730 766 813 λαβοῦσαι
781 729 816 794 αἲ
830 735 979 810 γυναῖκές
1001 747 1109 814 σφισιν
1137 727 1223 795 ὅπλα

210 845 330 928 ἐλόχων
354 844 415 912 ὑπὸ
440 846 495 912 τὸν
518 844 634 931 λόφον,
657 846 679 910 i.
697 865 723 911 e.
744 844 880 910 feminae
907 863 977 910 enm
1003 864 1110 909 eornm
1136 863 1225 908 erma

210 963 381 1046 cepissent,
412 961 470 1027 sub
494 960 605 1028 collem
628 960 846 1026 subsederunt.
871 958 925 1025 IX.
945 963 974 1025 7.
992 963 1022 1026 3.
1047 948 1111 1026 τῶν
1132 962 1170 1025 ’δέ
1192 959 1224 1026 οἳ

210 1080 337 1144 παίδων
361 1080 525 1144 Φίλιππον
542 1112 581 1122 -
599 1074 768 1160 ἀπήγαγεν
793 1111 835 1120 -
859 1075 963 1152 νόσος.
1009 1075 1107 1153 Quem
1132 1097 1224 1140 usum

210 1194 321 1277 dativi,
345 1198 397 1277 qui
421 1214 484 1258 non
508 1194 613 1260 minus
636 1194 720 1278 apud
737 1192 932 1258 Herodotum
949 1193 1120 1274 invenitur,
1142 1191 1224 1256 Pau·

210 1311 316 1374 sanine
340 1309 385 1375 sis
408 1309 593 1394 amplificat,
620 1314 656 1373 ui
679 1310 714 1374 oi
732 1310 818 1373 omni
846 1309 998 1374 relatione
1026 1308 1066 1373 sd
1095 1309 1224 1374 verbum

210 1425 335 1491 sublata
350 1427 480 1506 genitivi
495 1426 564 1492 loco
579 1425 725 1491 videaiu'r
741 1425 877 1510 pesitum
896 1445 980 1504 esse3
1005 1425 1101 1490 sieut:
1118 1423 1141 1488 I.
1156 1426 1223 1489 62.

210 1541 265 1628 τὴν
286 1542 348 1628 γάρ
372 1543 404 1608 οἱ
425 1549 544 1628 μητέρα
567 1544 705 1625 ἔχουσαν
727 1545 764 1608 ἐν
785 1546 898 1626 γαστρὶ
921 1544 1065 1627 δοθῆναι
1087 1555 1225 1622 γυναῖκα

212 1694 251 1704 -
269 1659 383 1747 Λόγῳ.
407 1658 460 1724 III.
480 1660 511 1724 2.
532 1664 558 1723 l.
584 1659 601 1724 ὃ
626 1659 709 1725 deni
726 1660 941 1756 πρόγονος-
959 1657 1016 1741 τὴν
1032 1661 1128 1744 νῆσον
1143 1659 1226 1724 εἷλεν

210 1776 255 1841 ἔτι
278 1774 443 1859 πρότερον.
467 1774 547 1840 VIII.
567 1777 597 1840 2.
619 1779 645 1839 1.
671 1773 813 1841 Λυκάων
836 1772 906 1840 δὲό
927 1776 1097 1855 Πελασγοῦ
1111 1773 1227 1840 coedes

210 1886 301 1974 εὗρεν
324 1890 376 1975 ἢὸ
399 1890 504 1976 πατήρ
527 1891 558 1957 οἳ
575 1890 755 1976 σοφώτερα.
779 1889 833 1955 ΙΧ.
856 1893 955 1957 13.1.
980 1888 1051 1956 όόέ
1070 1890 1102 1956 οἳ
1122 1890 1225 1976 πατὴρ

209 2006 379 2092 χρημάτων
403 2012 496 2073 ἕνεκα
520 2013 618 2091 μέσον
648 2004 767 2091 ἀνδρὸς
795 2004 911 2073 ἀπέδει
940 2012 1098 2091 Θηβαίου.
1140 2006 1226 2083 Quae

210 2142 282 2188 eum
305 2123 351 2187 iia
374 2123 448 2204 sint,
472 2121 664 2188 Pausaniam
690 2121 760 2186 aliis
784 2123 860 2188 loeis
884 2122 1025 2188 dativum
1042 2123 1077 2188 ολ
1086 2123 1226 2204 geniIivo

211 2239 329 2304 directo
353 2259 524 2323 opponere,
550 2239 665 2303 misum
690 2258 846 2303 essenon
875 2245 989 2323 petest.
1037 2237 1089 2304 sie
1112 2238 1227 2320 legitur

210 2354 248 2420 II.
269 2357 319 2420 10.
337 2357 368 2420 6.
392 2354 432 2420 τὰ
456 2356 494 2420 δέ
516 2355 548 2421 οἱ
571 2354 679 2441 φύλλα
703 2353 864 2421 ἐλάσσονα
887 2355 906 2439 ἢ
929 2357 1048 2440 ppos,-
1073 2354 1109 2419 V.
1130 2359 1180 2422 10.
1195 2358 1224 2421 3.

210 2473 296 2556 ὕψος
324 2473 384 2555 μὲν
413 2470 452 2554 δὴ
474 2468 632 2537 αὐτοῦτὸ
656 2473 689 2547 ἒς
715 2471 771 2538 τὸν
799 2468 895 2536 ἀετὸν
924 2467 1061 2556 ἀνῆκον,
1089 2474 1169 2537 εἰσίν
1196 2471 1227 2537 οἳ

212 2585 292 2652 ὀκτώ
324 2586 421 2663 πόδες
449 2594 503 2652 καί
535 2587 705 2674 ἑξήκοντα,
732 2589 786 2652 ubi
815 2587 959 2653 Kuhnius
986 2584 1069 2652 male
1095 2587 1228 2651 coniecit

212 2700 316 2791 αὐτῷ,
345 2701 459 2768 Faeins
489 2709 593 2768 autem
626 2704 657 2770 οἳ
684 2703 858 2768 eiciendum
889 2723 958 2768 esee
984 2704 1117 2786 putavit.
1167 2702 1228 2779 Qui

211 2817 298 2884 locus
321 2826 486 2903 praeterea
510 2839 546 2883 eo
570 2821 675 2883 minus
700 2817 881 2884 offensionis
906 2820 1009 2902 habet,
1039 2817 1121 2903 quod
1144 2817 1228 2882 Pau-

213 2935 317 2999 sanias
341 2955 435 3020 saepe
459 2936 634 3017 genitivum
664 2937 819 3019 simulque
844 2935 985 3000 dativum
1013 2936 1228 3020 possessivum

211 3050 298 3115 nullo
335 3051 574 3133 signiIieationis
610 3052 792 3117 discrimine
827 3072 866 3118 ex
890 3051 999 3117 eedem
1026 3051 1122 3116 verbe
1151 3051 1228 3115 faeii

212 3167 397 3250 pendentes,
422 3173 457 3232 nt
482 3169 505 3234 1.
523 3170 576 3234 29.
594 3172 624 3235 6.
650 3166 750 3246 αὖθις
773 3171 810 3234 δέ
832 3171 917 3236 ἐστιν
933 3164 1124 3254 Ἀθηναίων
1146 3166 1228 3253 μνή-

211 3309 311 3366 ματα,
335 3287 552 3360 Κλεισθένους
576 3321 619 3330 -
642 3287 697 3350 καλ
725 3285 885 3351 ἱππεῦσιν.
919 3284 943 3349 Ι.
959 3287 1014 3348 41.
1034 3286 1063 3348 1.
1088 3287 1142 3348 καὶ
1164 3283 1228 3368 reip

212 3413 277 3476 τοῖς
295 3399 488 3484 Ἡρακλέους
511 3407 604 3466 παισί
619 3439 661 3450 -
677 3400 784 3487 τόφον
807 3403 959 3467 εἶναικαὶ
975 3396 1227 3485 Ἀμφιτρύωνος.

211 3514 264 3580 IV.
282 3518 335 3582 34.
353 3518 383 3581 6.
414 3518 457 3603 τῷ
483 3517 544 3598 μὲν
570 3514 609 3599 δὴ
643 3512 826 3604 Ἀσιιληπιῷ
859 3519 914 3580 καὶ
943 3514 1091 3601 Διονόσῳ
1120 3517 1229 3589 λίθου,

211 3630 289 3707 Διὸς
316 3633 353 3697 δὲ
379 3634 527 3717 Σωτῆρος
555 3635 696 3714 χαλκοῦν
726 3630 863 3717 ἄγαλμα
892 3668 934 3678 -
957 3639 1138 3717 πεποίηται.
1162 3629 1228 3695 VII.

212 3749 265 3812 24.
284 3750 314 3813 2.
339 3747 426 3831 ἱερόν
450 3785 492 3796 -
517 3749 621 3835 Κόρης
647 3775 681 3814 τε
708 3755 878 3834 πεποίησαι
906 3752 959 3832 τῆς
986 3747 1153 3834 Δήμητρος
1176 3749 1230 3812 καὶ

212 3863 551 3954 ιέταριονὈμαγυρλῳ
563 3871 628 3932 Διλ.
652 3864 706 3930 ΙΧ.
723 3866 773 3931 16.
782 3867 810 3931 7.
828 3865 867 3930 τό
888 3864 1041 3950 μνήματα
1057 3869 1227 3948 πεποίηται
