3080 4652
782 297 825 362 34

276 471 473 538 'Sohubarto
499 473 664 554 assentior,
688 493 759 538 eum
783 472 873 538 dicit:
907 473 1042 556 „deinde
1070 479 1103 537 τέ
1127 478 1199 557 post
1222 471 1310 555 Ἀγις

297 610 426 674 prorsus
451 608 511 652 non
536 587 640 670 habet,
665 608 725 670 quo
742 588 910 669 reseratum
939 589 1107 672 quominus
1132 590 1213 654 enim
1239 609 1309 656 cum

297 714 447 788 sequente
470 711 524 769 καί
546 705 783 786 coniungamus‚
807 704 911 770 obstat
940 705 1104 770 verborum
1131 705 1221 785 ordo;
1251 705 1309 769 hoe

297 821 324 885 si
348 819 508 902 voluisset,
533 818 705 884 Pausanias
730 821 838 904 procul
870 820 964 886 dubio
984 820 1194 906 πρεσβύτερός
1216 847 1248 886 τε
1271 818 1309 905 ἦν

298 936 435 1000 seribere
460 932 599 999 debuit.“
647 934 692 998 At
714 934 790 998 loeis
807 956 903 1020 supra
920 935 1054 1018 collatis,
1078 937 1134 1002 cfr.
1151 937 1307 1021 imprimis

296 1051 348 1116 lV.
378 1053 427 1116 16.
449 1053 479 1116 6.
510 1050 693 1135 exposuisse
720 1051 796 1114 mihi
826 1051 935 1116 videor
964 1051 1152 1118 Pausaniam
1184 1051 1308 1136 saepius

296 1169 327 1232 id
354 1167 481 1232 verbum
507 1167 588 1250 quod
621 1165 741 1230 duabus
770 1186 935 1232 commuue
963 1169 1005 1233 sit
1028 1167 1192 1234 sententiis
1217 1189 1307 1252 prae·

296 1284 426 1348 missum
452 1303 520 1348 oum
547 1289 580 1346 τὲ
608 1282 766 1366 copulare,
790 1284 934 1367 quamvis
958 1284 1113 1368 particula
1135 1285 1251 1367 aptius,
1275 1288 1309 1347 ut

294 1406 349 1465 καί
366 1399 579 1483 responderet,
604 1398 656 1462 alii
681 1399 775 1462 verbo
792 1398 900 1464 addita
916 1405 1007 1464 esset.
1054 1400 1154 1477 Quam
1179 1399 1306 1464 obrem

295 1517 389 1580 etiam
419 1514 478 1578 hoo
505 1514 573 1578 loeo
597 1512 774 1578 Pausaniae
802 1516 1029 1599 proprietatem
1059 1522 1154 1600 atque
1182 1515 1307 1581 affecta·

295 1633 412 1697 tionem
438 1630 545 1695 malim
571 1650 743 1712 agnoscere
767 1651 861 1715 quarn
886 1636 933 1696 tot
958 1631 1060 1697 verbis
1085 1632 1214 1697 mutatis
1242 1631 1306 1696 dic-

295 1748 410 1812 tionem
436 1746 613 1831 politiorem
637 1747 786 1831 recipere.

361 1861 462 1928 Locus
488 1869 592 1927 autem
617 1863 670 1946 qui
693 1862 809 1944 legitur
831 1862 883 1928 IV.
902 1865 968 1928 c.1
999 1883 1054 1948 per
1079 1863 1254 1949 particulae
1275 1869 1307 1926 τὲ

294 1964 575 2058 transgressionem
612 1999 675 2043 non
711 1983 759 2043 est
793 1978 1013 2064 explicandus,
1048 1979 1131 2062 quod
1166 1977 1307 2054 nonnulli

294 2094 432 2162 editores
467 2095 613 2159 videntur
647 2094 799 2177 voluisse,
839 2096 894 2160 sed
930 2116 1000 2160 cum
1038 2094 1212 2160 Schubarto
1252 2115 1309 2179 pro

294 2217 442 2294 corrupto
466 2211 624 2295 putandus
649 2217 713 2292 est,
743 2231 931 2294 quamquam
963 2231 1034 2275 eum
1064 2212 1189 2276 restitui
1216 2231 1307 2296 posse

295 2328 451 2392 existimo.
489 2325 682 2392 Sohubartus
707 2327 846 2410 quidem,
869 2335 906 2392 ut
922 2329 990 2411 ipse
1014 2328 1306 2412 inpraef.ed.1·ec.

293 2443 379 2524 dicit,
416 2443 517 2510 locum
549 2449 584 2506 ut
612 2443 814 2528 desperatum
851 2449 881 2508 et
916 2443 1123 2509 insanabilem
1154 2443 1241 2508 dedit
1269 2463 1306 2507 ex

293 2559 425 2624 lectione
448 2559 537 2624 codd.
555 2557 629 2624 Pcd.
647 2558 706 2640 Ag.
723 2557 793 2642 Lu,
818 2559 871 2624 ubi
896 2566 958 2624 est:
983 2565 1060 2644 πρὶν
1082 2562 1119 2625 δὲ
1135 2559 1152 2645 ἦ
1168 2557 1307 2644 συγγρά-

293 2701 367 2761 φειν
390 2702 429 2760 με
452 2675 508 2742 τὸν
535 2674 678 2760 πόλεμον
707 2679 761 2740 καὶ
792 2673 898 2741 ὁπόσα
926 2679 1120 2760 πολεμοῦσιν
1149 2676 1308 2759 ἑκατέροις

293 2791 309 2856 ὁ
334 2794 460 2878 δαίμων
488 2798 611 2857 παθεῖν
633 2819 652 2878 η
675 2793 794 2876 δρᾶσαι
822 2793 1057 2874 παρεσκεύασε,
1085 2793 1248 2876 διακρῖναί
1276 2817 1307 2862 τε

291 2912 346 2974 καὶ
379 2907 502 2995 ἡλικίας
536 2909 615 2992 ἔργα
654 2909 732 2992 ὅπερ
770 2904 915 2994 ἠθέλησα
954 2904 1074 2991 ἀνδρὸς
1112 2913 1302 2993 Μεσσηνίου,

293 3023 380 3100 Quod
406 3023 588 3089 Siebelisius
616 3045 662 3094 en¹
680 3023 828 3088 Clavierii
857 3025 1038 3090 coniectura
1062 3024 1199 3108 recepit,
1228 3025 1306 3106 ἔργα

290 3141 456 3224 διακρῖναί
489 3161 521 3204 ’τε
556 3143 610 3234 καὶ
645 3137 769 3225 ἡλικίαν
802 3139 958 3224 πρότερον
993 3137 1158 3225 ἠθέλησα,
1197 3147 1306 3205 contra

291 3277 395 3322 rerum
413 3235 681 3321 continuationem
698 3263 865 3341 repugnat,
882 3257 957 3341 quia
968 3255 1143 3322 Pausanias
1159 3256 1197 3321 de
1213 3255 1306 3320 rebus

291 3374 330 3438 ab
354 3375 555 3439 Aristomene
578 3373 676 3456 gestis
693 3375 836 3458 proxime
852 3393 915 3438 non
931 3372 1087 3457 loquitur3
1111 3370 1305 3440 Lachmanni

292 3472 372 3555 vero
388 3475 567 3555 coniectura
583 3491 744 3574 διακρῖναί
767 3493 872 3555 τεκαὶ
895 3489 1018 3575 ἡλικίας
1041 3495 1113 3573 πέρι
1130 3509 1148 3552 a
1164 3488 1304 3553 codicum

290 3606 423 3672 lectione
447 3613 495 3671 est
519 3606 678 3671 remotior.
727 3603 789 3670 Sed
812 3604 871 3670 hoc
894 3604 962 3671 loco
986 3605 1132 3670 librarios
1156 3604 1305 3670 lectiones

290 3725 394 3788 varias
418 3729 449 3789 et
464 3723 627 3808 copulatas
643 3722 800 3806 recepisse
817 3721 1019 3787 manifestum
1045 3726 1103 3804 est,
1127 3740 1198 3786 oum
1215 3719 1305 3784 codd.

291 3838 344 3904 alii
373 3845 407 3904 τέ
422 3845 488 3904 καί
503 3875 545 3886 ·-
563 3841 641 3925 ἔργα
657 3839 812 3922 -ὅπερ,
841 3837 895 3904 alii
923 3864 956 3904 re
984 3839 1064 3921 ἔργα
1091 3843 1146 3903 καί
1162 3872 1203 3882 -
1220 3840 1305 3921 πέρι,
