3080 4652
780 297 824 364 20

358 475 444 544 Satis
474 478 591 544 dictum
621 499 689 543 asse
713 479 849 544 arbitror
884 479 923 544 de
951 478 1045 561 locis,
1081 479 1113 542 in
1139 477 1252 561 quibus
1275 485 1309 543 rs

292 595 399 696 'statim
425 595 525 661 altera
552 594 706 679 particula
734 596 905 680 excipitur,
938 613 1021 660 nunc
1050 616 1103 660 eos
1133 595 1308 680 explicabo,

293 713 325 777 in
350 711 462 796 quibus
487 711 641 796 particula
665 717 709 788 τέ,
734 712 808 794 quia
832 711 1078 795 primoquidem
1097 711 1208 776 obtutu
1234 709 1307 776 soli-

294 848 373 910 vaga
396 833 428 892 et
449 827 556 911 inepte
583 828 687 911 posita
709 827 849 908 videtur,
879 827 919 891 ab
948 827 1121 893 editoribus
1149 828 1183 890 in
1203 828 1308 910 suspi-

294 944 415 1008 cionem
443 949 554 1007 vocata
583 949 637 1007 aut
666 944 752 1008 uncis
781 949 892 1027 saepta
920 950 975 1009 aut
1002 943 1105 1008 deleta
1136 949 1193 1008 est.
1246 943 1306 1007 Sed

294 1059 470 1123 accuratius
494 1059 584 1124 nobis
613 1060 647 1123 in
675 1079 741 1122 rem
772 1059 1004 1142 inquirentibus
1033 1079 1096 1124 non
1124 1067 1190 1123 tam
1213 1058 1307 1124 lectio

294 1179 442 1258 corrupta
469 1193 561 1256 quam
591 1173 686 1238 dictio
713 1174 769 1238 illa
796 1174 921 1258 quidem
950 1171 1079 1239 insolita
1109 1176 1164 1239 sed
1190 1173 1308 1240 Pausa·

294 1291 366 1355 niae
390 1290 518 1374 propria
541 1289 601 1354 erit
624 1290 774 1374 putanda.
821 1289 908 1356 Haec
932 1290 1027 1356 dictio
1052 1296 1157 1355 autem
1182 1289 1309 1354 insolita

295 1427 422 1472 causam
463 1406 578 1490 repetit
617 1426 656 1470 ex
694 1426 753 1470 usu
795 1406 1050 1490 frequentissimo
1089 1403 1307 1488 anacoluthi¹l,

296 1522 378 1604 quod
401 1520 575 1586 Pausanias
600 1541 695 1606 saepe
719 1521 822 1586 minus
847 1523 981 1606 aucupio
1006 1527 1182 1588 structurae
1206 1523 1306 1606 impe·

295 1638 418 1702 ditioris
442 1642 575 1722 usurpat
590 1657 684 1720 quam
708 1639 883 1722 cupiditate
899 1638 1068 1723 perductus
1089 1639 1167 1720 loco,
1192 1638 1308 1721 dequo

294 1755 375 1819 forte
400 1754 482 1836 agit,
518 1755 624 1818 omnia
648 1774 727 1837 quae
763 1754 802 1818 ad
826 1775 893 1819 rem
918 1755 1012 1839 plane
1035 1754 1252 1838 exponendam
1278 1759 1309 1818 et

295 1868 532 1935 describendam
556 1875 715 1953 spectant,
746 1889 807 1933 uno
836 1875 944 1934 tenore
973 1869 1175 1952 adnectendi,
1205 1872 1310 1934 itaut

295 1984 535 2071 parenthesibus
566 1991 597 2050 et
622 1986 765 2069 parergis
796 1986 969 2051 interiectis
997 1994 1029 2050 et
1055 1986 1146 2050 initio
1170 1986 1309 2070 descrip-

295 2102 391 2166 tionis
415 2100 555 2182 neglecto
584 2103 684 2166 oratio
713 2102 859 2167 videatur
886 2107 1035 2186 tanquam
1062 2102 1207 2187 praecisa
1230 2122 1308 2166 esse.

295 2219 340 2283 At
362 2225 398 2281 ut
420 2237 470 2282 res
493 2215 549 2282 liat
572 2217 749 2300 dilucidior,
773 2219 919 2303 exempla
942 2239 1022 2303 quae
1045 2219 1135 2304 potui
1158 2220 1307 2304 reperire,

296 2333 465 2398 conferam.

364 2448 399 2512 l,
414 2450 468 2512 40.
496 2451 516 2514 2
552 2448 682 2529 legitur:
718 2451 772 2513 καὶ
805 2447 941 2533 ἄγαλμά
975 2475 1007 2514 τε
1041 2462 1141 2514 κεῖται
1168 2452 1309 2530 χαλκοῦν

296 2561 484 2651 Ἀρτέμιδος
518 2566 680 2649 ἐπίκλησιν
708 2570 880 2649 Σωτείρας·
917 2568 998 2652 φασὶ
1041 2566 1078 2630 δὲ
1105 2564 1309 2651 ἄνδρας...

295 2680 477 2747 Dindorfius
501 2681 533 2745 in
558 2681 712 2766 particula
736 2686 785 2758 τέ,
812 2701 883 2746 cum
914 2681 1013 2748 altera
1035 2701 1099 2747 non
1123 2682 1309 2767 excipiatur,

297 2797 439 2877 offendit3
471 2796 622 2864 Brausius
651 2798 754 2864 locum
785 2819 842 2883 pro
867 2803 1014 2884 corrupto
1043 2799 1151 2878 habet3
1180 2799 1310 2864 Siebeli·

297 2915 362 2980 sius
391 2914 471 2994 (vid.
500 2914 605 2979 adnot.
636 2914 675 2979 ad
704 2915 725 2980 l.
747 2915 770 2980 I.
794 2916 847 2980 24.
874 2917 918 2998 7.)
945 2922 979 2980 τέ
1006 2935 1077 2982 oum
1111 2916 1311 3000 praecedenti

296 3037 350 3096 καί
383 3029 556 3110 coniungit,
591 3049 654 3112 qua
688 3030 727 3095 de
762 3031 961 3115 copulatione
995 3036 1168 3106 καί-τέ,
1205 3037 1309 3096 utrum

297 3145 380 3230 apud
397 3144 586 3209 Pausaniam
610 3144 738 3209 concedi
762 3145 864 3230 possit
879 3165 988 3227 necne,
1010 3145 1093 3208 infra
1110 3145 1308 3208 disseremus.

296 3263 341 3326 At
363 3261 421 3326 hoc
447 3261 516 3327 loco
546 3281 596 3326 res
625 3260 716 3326 alitor
743 3281 778 3328 se
806 3262 908 3326 habet.
961 3260 1134 3325 Pausanias
1162 3260 1244 3323 enim
1276 3260 1309 3323 in

296 3378 400 3459 rebus,
425 3397 503 3460 quas
527 3379 680 3444 memoria
703 3378 814 3460 dignas
829 3378 863 3442 in
879 3377 956 3442 aede
972 3376 1104 3460 invenit,
1130 3375 1309 3441 describen-

297 3494 345 3558 dis
372 3493 525 3574 imagines
554 3493 779 3579 imperatorum
812 3493 1025 3559 Romanorum
1053 3498 1210 3573 recenset,
1243 3498 1308 3556 tum

368 3757 389 3824 ¹)
408 3755 573 3810 Accuratius
591 3755 626 3810 de
645 3755 814 3810 anacoluthis
827 3771 845 3810 a
856 3755 995 3811 Pausania
1007 3755 1146 3825 usurpatis
1158 3754 1311 3823 disputavit

296 3851 447 3922 Storchius‚
467 3851 533 3908 diss.
547 3855 623 3910 Vrat.
645 3853 723 3909 1869.
