3080 4652
795 343 839 409 52

378 520 441 586 Sed
463 521 603 586 dativum
634 520 766 586 localem
802 540 863 585 non
894 521 997 602 magis
1026 542 1119 605 quam
1151 523 1323 604 genitivum

310 638 440 704 localem
471 657 491 704 a
518 635 693 702 Pausaniae
727 658 785 702 usn
822 636 1063 702 abiudieandum
1099 657 1168 704 esse
1203 658 1325 721 censeo,

311 755 364 838 qui
389 754 509 837 aliquot
531 753 608 818 loois
632 754 716 838 apud
733 773 804 818 eum
821 754 994 838 reperitur:
1024 753 1047 818 Ι.
1064 755 1118 819 44.
1138 756 1168 820 2.
1185 758 1326 821 κατιοῦσι

311 874 363 956 της
398 869 477 936 ὁδοῦ
510 872 563 956 τῆς
596 865 741 945 Εὗδείας
774 873 973 956 καλουμένης
995 867 1210 948 ’Λπόλλωνος
1239 871 1326 954 ἲερύν

314 989 388 1052 ἐστι.
413 984 478 1052 Vll.
497 987 550 1053 20.
567 987 598 1050 9.
623 985 736 1053 τούτου
764 987 800 1052 δὲ
829 990 885 1053 τοῦ
912 993 1063 1070 τεμένους
1086 989 1151 1053 ἐστὶ
1171 989 1226 1054 καὶ
1242 987 1325 1053 ἄλλα

312 1116 378 1178 τοῖς
402 1104 579 1185 Πατρεῦσιν
602 1101 684 1186 ἱεροί.
708 1101 933 1170 v111.30.10.
959 1103 1057 1169 στοὰν
1076 1104 1113 1168 δύ
1129 1105 1183 1188 τῆς
1205 1101 1326 1186 ἀγορᾶς

312 1216 574 1302 Ἀριστάνδρειον
607 1259 650 1272 -
678 1215 907 1303 Ἀρίστανδρον
945 1221 1153 1306 οἰκοδομῆσαι
1190 1223 1326 1300 λέγουσι.

311 1333 464 1402 1111130.
483 1337 512 1400 l.
542 1333 641 1401 στούιν
670 1335 706 1400 δὲ
738 1335 849 1420 ἥντινα
875 1336 1009 1402 καλοῦσι
1039 1332 1235 1421 Μορύπολιν
1264 1337 1327 1401 ἔστι

312 1451 372 1535 μὲν
400 1453 452 1536 τῆς
479 1446 612 1534 σἠορᾶς.
639 1448 722 1515 Vlll.
745 1453 798 1516 34.
822 1454 853 1517 5.
882 1450 982 1538 τούτῳ
1008 1453 1069 1536 μὲν
1096 1451 1136 1536 δὴ
1163 1451 1199 1517 αἱ
1229 1455 1327 1537 πηγαὶ

311 1568 368 1651 γῆς
401 1568 461 1632 elul
496 1567 548 1652 τῆς
582 1564 768 1646 Λίγύτιδος.
801 1565 1008 1634 11111481.
1038 1571 1092 1652 τῆς
1127 1563 1251 1651 ἀγορᾶς
1285 1603 1326 1612 -

313 1678 507 1768 Ἀφροδίτης
534 1684 620 1749 ἐστίν
647 1684 683 1749 ἓν
707 1680 786 1774 αύτῇ
813 1681 908 1761 ναός,
937 1702 998 1766 quo
1029 1682 1098 1748 looo
1126 1702 1183 1767 per
1212 1703 1327 1766 epana-

312 1797 412 1880 lepsin
436 1798 595 1881 genitivus
618 1798 727 1864 localis
752 1799 856 1864 verbis
879 1801 915 1866 ἐν
938 1795 1018 1891 αύτῇ
1039 1800 1203 1884 repetitur.

380 1912 422 1978 Ut
457 1920 562 1980 autem
596 1913 673 1978 loeis
708 1914 830 1980 collatis
865 1916 898 1979 in
934 1935 992 1980 usu
1017 1915 1117 1980 dativi
1144 1935 1206 1980 non
1232 1914 1327 1980 semel

314 2027 489 2094 Pausaniae
505 2027 662 2095 affectatio
678 2034 710 2095 et
725 2031 863 2116 captatio
888 2031 1002 2116 poetici
1027 2031 1191 2096 cuiusdam
1216 2030 1327 2096 eoloris

316 2145 598 2228 agnoscendam,
629 2147 674 2211 sio
697 2147 730 2211 in
760 2153 919 2212 structura
948 2147 1168 2213 adverbiorum
1197 2149 1328 2232 πλησίον

317 2268 349 2328 et
371 2261 475 2344 ἐγγύς,
499 2269 530 2327 et
554 2261 718 2329 verborum
742 2261 881 2331 κελεύειν
897 2268 929 2328 el
943 2262 1135 2347 βασιλεύειν.
1181 2261 1328 2344 Legimus

275 2429 281 2440 .
316 2379 399 2444 enim
423 2378 447 2443 l.
469 2379 499 2444 8.
522 2381 552 2444 6.
583 2379 718 2466 πλησίον
752 2380 789 2445 δέ
822 2380 854 2446 ολ
885 2382 940 2445 καλ
966 2377 1136 2466 Ἀρσινόης
1165 2415 1205 2425 -
1236 2380 1328 2445 είκοίν

317 2495 372 2560 cfr.
390 2493 482 2560 Hom.
509 2493 566 2560 od.
588 2493 655 2560 Vll.
672 2496 746 2559 171.
762 2495 873 2580 Eurip.
886 2495 952 2578 lph.
967 2496 1039 2561 Aul.
1056 2497 1150 2563 1551.
1167 2494 1220 2560 lv.
1239 2497 1328 2562 186.

316 2610 409 2693 ἐγγύς
432 2607 472 2678 οἳ.
497 2608 549 2676 Vl.
567 2613 621 2677 24.
641 2614 668 2676 4.
695 2614 730 2704 τῇ
753 2613 831 2696 στοᾷ
862 2653 906 2664 -
936 2611 1030 2693 ἐγγύς
1058 2611 1139 2696 ἄλλη
1163 2611 1252 2678 στοοὲ.
1276 2610 1328 2676 ΙΧ.

317 2730 440 2796 3010.
464 2726 623 2809 ἐγγύτατα
646 2731 689 2817 τῷ
712 2735 850 2814 ποιμένι,
880 2728 936 2793 ofr.
961 2726 1053 2794 Hom.
1078 2727 1114 2793 ll.
1137 2727 1238 2794 XXll.
1254 2729 1329 2794 453.

316 2843 426 2930 Eurip.
451 2843 576 2910 Heraol.
594 2845 647 2911 37.
672 2881 714 2890 -—
738 2842 882 2909 1.37.7.
908 2842 925 2909 ὃ
949 2844 986 2909 δέ
1009 2863 1099 2930 σφισι
1121 2841 1255 2924 κελεύεις
1278 2841 1329 2907 IV.

317 2961 370 3024 27.
387 2961 418 3024 5.
442 2960 585 3026 ἐκέλευεν
609 2993 649 3004 ·-
674 2973 740 3036 τοίς
762 2958 911 3044 μα’ντεσις
942 2957 1009 3024 Vll.
1026 2961 1058 3025 5.
1076 2961 1106 3025 2.
1137 2958 1331 3026 καθεύδοντι

315 3073 452 3141 κελεύειν
458 3105 469 3155 ,·
491 3073 545 3140 IX.
563 3076 616 3141 38.
633 3076 665 3140 5.
688 3075 808 3142 κελεύει
823 3082 912 3162 σφίσι
928 3075 984 3140 cfr.
1001 3074 1094 3141 Hom.
1112 3074 1147 3140 ll.
1165 3077 1330 3143 50-151.

317 3189 548 3257 00116616.
573 3227 616 3236 —
638 3190 662 3255 l.
680 3193 732 3257 30.
751 3193 781 3257 3.
798 3195 987 3274 βασιλεῦσαι
1001 3197 1149 3272 Λίγυσιν.
1173 3190 1225 3256 lll.
1244 3195 1331 3258 105.

316 3307 587 3390 Λακεδαιμονίοις
609 3309 822 3391 ἐβασίλευσεν.
847 3306 912 3372 Vll.
931 3309 983 3373 25.
1002 3309 1031 3373 2.
1057 3320 1122 3382 τοῖς
1137 3304 1331 3393 Ἀθηναίοις

317 3421 550 3508 βασιλεύοντος.
568 3423 698 3490 111115.
718 3427 768 3491 10.
785 3423 1035 3508 βασιλεύσαντος
1049 3426 1330 3508 Λακεδαιμονίοις.

317 3539 373 3605 ofr.
390 3539 481 3604 Hom.
500 3538 534 3605 ll.
552 3538 590 3605 ll.
609 3541 684 3606 206.

384 3656 495 3723 Restat·
517 3662 552 3721 ut
576 3655 615 3721 de
638 3656 797 3721 nonnullis
831 3655 908 3722 loeis
941 3676 1042 3742 panea
1076 3657 1172 3722 verba
1206 3656 1332 3737 faciam,

318 3775 351 3840 in
375 3773 487 3858 quibus
510 3773 668 3855 genitivus
692 3793 709 3838 e
732 3772 859 3858 passivo
883 3773 989 3857 aliquo
1006 3772 1175 3858 participio
1192 3773 1332 3857 pendens

318 3890 436 3955 avinis
471 3891 554 3955 doel.
577 3891 610 3956 in
645 3889 855 3974 suspicionem
891 3896 1020 3954 venetus
1055 3895 1113 3972 est,
1149 3888 1222 3973 qnia
1256 3887 1334 3952 loeis
