3080 4652
767 374 786 438 8

271 551 407 633 margini
441 550 610 636 adscriptis
643 549 693 615 vel
729 571 768 615 ex
802 548 931 634 syllabis
966 569 1078 634 parurn
1110 548 1205 616 claris
1235 549 1285 616 vel

272 667 495 752 superscriptis
518 666 673 746 integram
697 664 863 730 lectionem
881 666 1048 730 restituero
1072 670 1283 732 tentaverunt

338 780 380 848 Ut
403 781 488 847 enim
511 781 579 846 loco
606 781 699 846 modo
729 786 865 846 tractato
893 780 1041 847 librarius
1064 781 1162 847 verbo
1184 783 1216 857 ἔς
1239 807 1284 858 τε,

271 916 352 981 quac
375 897 512 982 margini
535 896 694 982 adscripta
717 897 891 979 invenerat,
914 896 982 961 loco
1002 897 1104 962 alieno
1121 897 1285 963 contextui

271 1013 415 1092 inseruit,
439 1012 587 1078 librarius
604 1021 707 1078 autern
726 1013 881 1097 posterior
900 1012 997 1077 verbe
1016 1011 1189 1099 ὑπορφρων
1204 1037 1237 1088 ις
1252 1038 1285 1078 τι

271 1149 366 1194 sensu
393 1130 533 1194 carentia
559 1128 697 1194 correxit
725 1129 759 1193 in
788 1127 1026 1216 ὑπερεφρόνησέ
1054 1155 1103 1206 τε,
1133 1130 1179 1194 sic
1202 1127 1283 1194 Vlll.

274 1247 303 1310 7.
321 1247 352 1310 6.
376 1245 473 1311 ceteri
496 1244 619 1310 codices
643 1245 759 1310 babent
781 1245 813 1311 ni
835 1247 890 1310 τοῦ
916 1250 1041 1329 Πέρσου
1064 1244 1120 1310 sed
1136 1244 1203 1310 cod.
1238 1243 1285 1308 La

272 1362 303 1428 οἳ
326 1364 382 1428 τοῦ
404 1363 477 1446 περὶ
500 1363 568 1437 τοῦ,
591 1359 674 1444 quod
699 1360 834 1442 margini
850 1359 1041 1444 exemplaris
1063 1362 1207 1444 περὶτοῦ
1228 1358 1284 1424 ed-

272 1477 425 1562 scriptum
454 1481 537 1558 erat,
565 1475 649 1540 unde
679 1473 832 1540 editiones
862 1480 946 1540 recte
975 1480 1125 1540 eruerunt
1152 1474 1183 1541 oi
1211 1478 1284 1558 mol

272 1597 337 1660 sori.
361 1629 403 1640 -
428 1590 515 1656 Idem
537 1590 738 1656 librariorum
763 1611 851 1656 error
874 1589 952 1656 latet
974 1589 1040 1656 Vll.
1060 1592 1090 1657 8.
1109 1592 1140 1672 7,
1163 1590 1216 1656 ubi
1232 1611 1285 1655 co·

273 1708 358 1773 dices
374 1709 456 1772 banc
473 1706 624 1792 praebent
639 1707 819 1773 lectionem:
843 1709 1005 1784 Φίλιππος
1027 1709 1063 1773 ἒν
1079 1705 1183 1783 Κυνός
1205 1709 1285 1773 κοιλ-

272 1827 423 1908 οομόναις
450 1825 618 1908 rapaton
640 1823 677 1888 ἐν
693 1820 800 1903 λόγοις
822 1821 857 1887 τὸ
879 1818 971 1907 ἦττον
992 1820 1163 1907 ἢνέγιιατος
1185 1841 1286 1905 quen·
1327 1823 1329 1826 ’

272 1944 338 2004 tam
362 1937 612 2004 coniecturarum
630 1937 755 2002 turbem
772 1937 822 2002 bic
837 1935 925 2003 locus
940 1937 1188 2020 congregaverit,
1213 1935 1285 2002 vide

273 2074 301 2119 a.
318 2053 340 2119 l.
357 2053 488 2140 praeiet.
507 2052 554 2117 cd.
573 2050 738 2118 Schnbort.
786 2052 959 2118 Clavierius
983 2054 1105 2138 primns
1127 2055 1163 2119 ἐν
1178 2051 1286 2132 λόγοις

272 2175 456 2254 corruptum
484 2188 552 2234 esse
582 2189 622 2234 cx
650 2170 685 2235 ἐν
713 2167 828 2254 λόφοις
854 2169 1029 2251 intellexit,
1065 2188 1159 2255 quom
1188 2168 1285 2234 Schn-

273 2286 381 2352 bartos
405 2288 530 2350 secutus
554 2291 603 2351 cst
612 2281 643 2366 ¹).
692 2283 754 2350 Sed
786 2290 916 2368 uterque
939 2286 988 2350 vir
1014 2285 1215 2351 doctissimus
1238 2284 1285 2349 lo-

273 2421 344 2469 cum
368 2401 506 2468 nondum
531 2400 625 2484 plane
648 2400 851 2480 emaculavit3
877 2400 1071 2467 Scbnbartns
1094 2402 1179 2467 enim
1195 2419 1286 2485 prae·

272 2517 430 2603 positione
457 2517 494 2582 ἐν
524 2515 641 2581 omissa
670 2514 731 2597 logi
768 2517 836 2580 vult
862 2518 898 2583 ἐν
933 2516 1036 2594 Κυνὸς
1071 2518 1286 2602 καλουμέναις
1345 2595 1349 2602 Ι

273 2636 442 2720 Κεφαλατς
475 2630 602 2719 λόφοιςφ
637 2637 670 2696 at
703 2632 786 2698 unde
819 2631 911 2698 fluxit
945 2637 981 2700 ἐν
1013 2635 1047 2698 in
1080 2632 1286 2700 contextum?

274 2748 366 2816 Certe
389 2769 460 2815 mea
483 2749 639 2814 sententia
660 2749 774 2835 λόφοις
801 2727 974 2815 scribarum
1005 2748 1204 2831 neglegentia
1231 2770 1286 2815 ex·

274 2865 409 2948 ciceret,
446 2871 513 2929 tum
537 2883 607 2928 cnm
636 2863 786 2928 vocabulo
810 2865 862 2941 ἐν,
897 2870 969 2949 post
1003 2865 1087 2948 quod
1115 2865 1285 2946 excideret,

274 2979 457 3064 copulatum
481 2986 513 3044 ct
536 2979 672 3060 margini
696 2979 901 3065 adscriptum,
925 2981 979 3046 scd
996 2988 1106 3065 postea
1128 3001 1191 3046 ona
1214 3001 1285 3046 curn

274 3116 310 3161 eo
334 3095 367 3160 in
390 3100 571 3160 contextum
595 3093 663 3160 looo
680 3094 781 3160 alieno
796 3095 949 3161 inscrtum
975 3101 1033 3162 est.
1068 3095 1177 3180 ltaque
1200 3097 1286 3161 locus

274 3214 319 3278 ita
342 3210 525 3277 scribendus
542 3214 605 3276 cst:
630 3213 791 3288 Φίλιππος
814 3213 855 3278 ἐν
877 3210 1019 3298 λόφοις
1042 3211 1146 3289 Κυνὸς
1168 3215 1287 3280 καλου-

274 3333 386 3412 μέναις
410 3328 578 3412 Κεφαλαῖς
600 3323 636 3392 τὸ
658 3321 751 3412 ἧττον
774 3323 939 3413 ἢνένιιατο.

341 3442 431 3510 Adde
456 3442 516 3507 bnc
538 3442 642 3507 simile
665 3443 855 3527 exemplum,
888 3443 971 3528 qnod
994 3445 1080 3510 cerni
1104 3449 1209 3528 potest
1231 3442 1285 3508 lll.

275 3561 306 3624 2.
324 3560 354 3625 3.
380 3558 430 3624 nbi
456 3556 649 3624 Schubartus
673 3558 774 3624 dedit:
798 3565 913 3645 πέτρα·
937 3563 1069 3627 καλοῦσι
1091 3561 1128 3626 δὲ
1150 3558 1204 3644 τὴν
1226 3560 1287 3643 μὲν

274 3672 467 3751 Ἀκταίωνος
488 3680 606 3759 κοίτην,
632 3677 685 3741 ἐπὶ
708 3673 807 3764 ταύτῃ
829 3678 1003 3744 καθεύδειν
1025 3679 1107 3763 φασὶ
1129 3678 1165 3768 τῇ
1187 3681 1288 3759 πέτρᾳ

348 3919 368 3987 ¹)
387 3917 436 3974 cfr.
455 3919 550 3988 Polyb.
574 3922 614 3977 18.
627 3922 653 3976 5.
678 3925 703 3977 ol
724 3919 804 3992 λόφοι
821 3923 960 3978 καλοῦνται
981 3925 1033 3995 μὲν
1057 3922 1145 3986 Κυνὸς
1165 3929 1286 3994 κεφαλαί.
