3080 4652
820 317 863 380 46

338 495 375 566 δέ
406 500 441 558 ut
474 500 653 560 correctura
687 493 735 558 vel
771 493 869 558 altera
903 492 996 557 leutio
1025 513 1082 577 pro
1118 493 1154 558 δὲ
1178 488 1302 576 Ὀξύλῳ
1332 513 1348 556 ο

338 611 477 692 margine
494 611 525 676 iu
550 616 729 675 contextum
754 610 890 674 insertus
915 620 970 674 est.
1019 608 1129 691 ltaque
1152 609 1254 673 locum
1273 609 1349 672 sori-

338 727 471 792 bendum
502 745 570 792 esse
597 731 687 811 puto:
715 728 758 812 τῷ
788 727 824 790 δὲ
848 721 971 811 Ὀξύλῳ
1003 761 1044 768 -
1077 731 1210 808 Πιερίαν
1233 726 1293 808 μὲν
1315 725 1350 814 τῇ

336 847 462 923 γυναικὶ
485 843 587 926 ὄνομα
611 847 694 908 εἶναι
717 845 855 922 λέγουσι,
879 848 963 924 πέρα
986 841 1023 906 δὲ
1045 843 1078 916 ἐς
1101 837 1200 928 αὗοην
1216 837 1254 906 οὗ
1269 865 1348 924 μνη-

336 957 504 1044 μονεδουσο
528 1000 571 1008 -
594 965 750 1040 γενέσθαι
773 956 895 1032 παῖδάς
919 976 1020 1044 φασιν
1038 1007 1045 1022 .
1064 1005 1098 1022 ..

403 1074 504 1139 Loeus
529 1082 632 1139 autem
658 1073 736 1138 VIII.
756 1075 808 1140 20.
826 1075 857 1138 2.
881 1075 944 1138 iam
969 1095 988 1138 a
1012 1071 1095 1138 SW.
1121 1093 1177 1157 pro
1201 1079 1347 1154 corrupto

338 1191 460 1256 habitus
484 1200 542 1273 est,
566 1210 636 1256 oum
661 1191 838 1274 complures
863 1190 1014 1275 praebeat
1033 1188 1243 1253 difficultates.
1290 1185 1347 1250 Le-

335 1308 421 1389 gitur
444 1308 542 1372 enim:
566 1305 584 1371 δ
607 1309 644 1372 δὲ
659 1305 783 1372 Λάδων
798 1308 955 1391 ποταμῶν
978 1307 1041 1371 τῶν
1064 1307 1099 1370 ἐν
1109 1302 1241 1371 Ἑλλάδι
1264 1301 1347 1385 ὕδωρ

336 1433 508 1506 παρέχεται
530 1422 711 1499 κάλλιπον,
734 1423 797 1504 ἔχει
821 1422 856 1487 δὲ
879 1425 933 1487 καὶ
956 1421 1062 1496 ἄλλως
1090 1423 1122 1495 ἐς
1151 1417 1348 1503 ἀνθρώπους

336 1538 444 1626 φήμην
467 1537 601 1624 Δάφνης
623 1564 656 1602 τε
678 1543 772 1604 ἕνεκα
795 1537 904 1603 καὶτὰ
920 1533 1065 1621 ᾀδόμενα
1082 1539 1114 1612 ἐς
1129 1535 1184 1622 τὴν
1200 1533 1347 1621 Δάφνην.

338 1659 403 1722 Τοῦ
426 1656 523 1737 λόγου
552 1656 588 1720 δὲ
617 1657 672 1721 τοῦ
693 1657 726 1730 ἐς
749 1654 888 1740 Δάφνην
915 1655 955 1718 τά
982 1655 1042 1738 μὲν
1065 1659 1185 1737 Συρίας
1212 1666 1277 1727 τοῖς
1300 1655 1347 1717 οἰ-

335 1775 443 1838 κοῦσιν
477 1773 531 1838 ἐπὶ
558 1768 691 1856 Ὀρδντη
725 1773 859 1858 ποταμῷ
900 1777 1118 1856 παρίημι
1156 1768 1252 1834 Cuius
1287 1769 1346 1832 loni

336 1886 473 1970 priorem
499 1893 620 1969 partem
644 1886 706 1967 ἔχει
730 1924 771 1931 -
796 1885 933 1972 Δάφνην
962 1887 1098 1952 editores
1127 1886 1210 1949 inter
1239 1891 1294 1949 καί
1317 1890 1347 1948 et

336 2000 374 2068 τὰ
398 1998 542 2085 ᾀδόμενα
578 2001 812 2086 praepositione
836 2001 892 2066 διά
927 2003 1046 2066 inserta
1075 2002 1253 2066 restitutam
1279 2019 1347 2064 esse

336 2117 481 2184 arbitrati
504 2123 591 2198 sunt;
616 2115 699 2182 SW.
725 2126 827 2182 autem
857 2116 1011 2205 „Adpone
1039 2143 1071 2182 τε
1099 2123 1192 2183 ἕνεκα
1221 2116 1260 2181 ob
1289 2117 1347 2179 rni-

335 2233 443 2299 sellam
467 2233 682 2317 tautologiam,
708 2255 787 2317 quae
810 2235 1010 2300 manifestum
1040 2233 1197 2315 glossema
1221 2228 1345 2316 prodit“

336 2351 423 2414 uneio
455 2349 782 2433 eireumsoripserunt;
832 2349 963 2415 alteram
1005 2369 1079 2414 vero
1120 2355 1242 2433 partem
1287 2347 1347 2412 luoi

336 2464 538 2548 Sohuburtus‚
563 2464 645 2548 quod
669 2465 794 2530 dativus
818 2479 882 2540 τοῖς
899 2468 1052 2542 οἰκοῦσιν,
1076 2484 1169 2549 quem
1186 2485 1243 2549 pro
1259 2465 1347 2546 geni·

335 2583 398 2648 tivo
434 2581 570 2666 positum
605 2600 672 2646 esse
696 2579 879 2646 Siebelisius
915 2581 1055 2662 adnotat,
1090 2600 1151 2665 quo
1179 2580 1347 2660 referatur,

335 2719 396 2763 uon
419 2697 549 2779 habeat,
580 2717 722 2764 maneam
752 2718 820 2762 esse
845 2699 991 2782 opinatus
1018 2697 1162 2761 laounam
1187 2695 1345 2760 asterIsois

333 2821 407 2880 ante
435 2819 554 2898 Συρίας
582 2812 693 2895 positis
721 2812 849 2878 indicat.
909 2811 969 2878 Sed
1000 2812 1107 2895 lentio,
1137 2831 1232 2896 quam
1262 2809 1344 2875 SW.

334 2929 527 3012 relinquunt:
551 2929 615 3012 ἔχει
638 2930 673 2994 δὲ
689 2932 743 2994 καὶ
759 2929 865 3004 ἄλλως
880 2931 913 3004 ἐς
937 2927 1137 3013 ἀνθρώπους
1161 2927 1269 3014 φήμην
1292 2930 1346 2991 καὶ

334 3043 373 3111 τά
396 3041 540 3128 ᾀδόμενα
563 3046 596 3120 ἐς
619 3046 674 3129 την
697 3043 851 3131 Δάφνην,
881 3066 973 3129 quam
1004 3047 1118 3110 misere
1146 3045 1189 3110 sit
1217 3044 1345 3124 conglu-

335 3161 444 3242 tinata,
469 3159 538 3244 quis
562 3166 611 3225 eet
634 3163 685 3244 qui
704 3180 766 3226 non
782 3160 956 3244 intellegat,
972 3182 1075 3246 neque
1091 3163 1136 3227 sio
1152 3161 1343 3226 Pausaniam

333 3277 470 3344 loentum
501 3296 569 3342 esse
599 3276 747 3343 credibile
777 3283 834 3343 est.
881 3276 979 3343 Facili
1008 3298 1081 3343 vero
1110 3277 1284 3342 mutatione
1312 3275 1344 3340 id

334 3392 416 3478 qnod
443 3393 475 3458 in
504 3391 564 3458 loni
592 3394 696 3478 priore
725 3402 814 3480 parte
843 3394 984 3460 abundat
1011 3394 1043 3458 in
1082 3393 1212 3458 alteram
1242 3399 1345 3456 trans-

333 3511 469 3596 positum
494 3513 593 3576 totum
616 3509 717 3576 loeum
743 3511 888 3606 sanabitp
906 3531 986 3594 quae
1001 3511 1179 3594 conjectura
1204 3529 1240 3574 eo
1263 3508 1344 3573 veri-

333 3624 466 3692 similior
489 3623 624 3710 videtur,
648 3625 731 3710 quod
755 3626 831 3694 vitio
855 3646 873 3690 a
896 3626 1035 3693 librariis
1058 3647 1153 3712 saepe
1176 3625 1343 3692 commisso

333 3741 453 3808 nititur.
500 3739 605 3808 Verba
633 3742 716 3808 enim
745 3739 785 3808 τά
813 3743 849 3808 δὲ
879 3739 1023 3828 ᾀδόμενα
1059 3745 1092 3819 ἐς
1121 3742 1177 3828 τὴν
1204 3741 1345 3827 Δάφνην

334 3863 462 3944 propter
484 3855 722 3924 similitudmem
746 3857 837 3924 laoile
861 3866 933 3944 post
956 3860 1011 3925 aot
1035 3856 1134 3938 λόγου
1157 3860 1191 3933 ἐς
1206 3855 1345 3942 Δάφνην
